%YAML 1.1
%TAG !u! tag:unity3d.com,2011:
--- !u!29 &1
OcclusionCullingSettings:
  m_ObjectHideFlags: 0
  serializedVersion: 2
  m_OcclusionBakeSettings:
    smallestOccluder: 5
    smallestHole: 0.25
    backfaceThreshold: 100
  m_SceneGUID: 00000000000000000000000000000000
  m_OcclusionCullingData: {fileID: 0}
--- !u!104 &2
RenderSettings:
  m_ObjectHideFlags: 0
  serializedVersion: 9
  m_Fog: 0
  m_FogColor: {r: 0.5, g: 0.5, b: 0.5, a: 1}
  m_FogMode: 3
  m_FogDensity: 0.01
  m_LinearFogStart: 0
  m_LinearFogEnd: 300
  m_AmbientSkyColor: {r: 0.212, g: 0.227, b: 0.259, a: 1}
  m_AmbientEquatorColor: {r: 0.114, g: 0.125, b: 0.133, a: 1}
  m_AmbientGroundColor: {r: 0.047, g: 0.043, b: 0.035, a: 1}
  m_AmbientIntensity: 1
  m_AmbientMode: 3
  m_SubtractiveShadowColor: {r: 0.42, g: 0.478, b: 0.627, a: 1}
  m_SkyboxMaterial: {fileID: 0}
  m_HaloStrength: 0.5
  m_FlareStrength: 1
  m_FlareFadeSpeed: 3
  m_HaloTexture: {fileID: 0}
  m_SpotCookie: {fileID: 10001, guid: 0000000000000000e000000000000000, type: 0}
  m_DefaultReflectionMode: 0
  m_DefaultReflectionResolution: 128
  m_ReflectionBounces: 1
  m_ReflectionIntensity: 1
  m_CustomReflection: {fileID: 0}
  m_Sun: {fileID: 0}
  m_IndirectSpecularColor: {r: 0, g: 0, b: 0, a: 1}
  m_UseRadianceAmbientProbe: 0
--- !u!157 &3
LightmapSettings:
  m_ObjectHideFlags: 0
  serializedVersion: 11
  m_GIWorkflowMode: 1
  m_GISettings:
    serializedVersion: 2
    m_BounceScale: 1
    m_IndirectOutputScale: 1
    m_AlbedoBoost: 1
    m_EnvironmentLightingMode: 0
    m_EnableBakedLightmaps: 0
    m_EnableRealtimeLightmaps: 0
  m_LightmapEditorSettings:
    serializedVersion: 12
    m_Resolution: 2
    m_BakeResolution: 40
    m_AtlasSize: 1024
    m_AO: 0
    m_AOMaxDistance: 1
    m_CompAOExponent: 1
    m_CompAOExponentDirect: 0
    m_ExtractAmbientOcclusion: 0
    m_Padding: 2
    m_LightmapParameters: {fileID: 0}
    m_LightmapsBakeMode: 1
    m_TextureCompression: 1
    m_FinalGather: 0
    m_FinalGatherFiltering: 1
    m_FinalGatherRayCount: 256
    m_ReflectionCompression: 2
    m_MixedBakeMode: 2
    m_BakeBackend: 1
    m_PVRSampling: 1
    m_PVRDirectSampleCount: 32
    m_PVRSampleCount: 512
    m_PVRBounces: 2
    m_PVREnvironmentSampleCount: 256
    m_PVREnvironmentReferencePointCount: 2048
    m_PVRFilteringMode: 1
    m_PVRDenoiserTypeDirect: 1
    m_PVRDenoiserTypeIndirect: 1
    m_PVRDenoiserTypeAO: 1
    m_PVRFilterTypeDirect: 0
    m_PVRFilterTypeIndirect: 0
    m_PVRFilterTypeAO: 0
    m_PVREnvironmentMIS: 1
    m_PVRCulling: 1
    m_PVRFilteringGaussRadiusDirect: 1
    m_PVRFilteringGaussRadiusIndirect: 5
    m_PVRFilteringGaussRadiusAO: 2
    m_PVRFilteringAtrousPositionSigmaDirect: 0.5
    m_PVRFilteringAtrousPositionSigmaIndirect: 2
    m_PVRFilteringAtrousPositionSigmaAO: 1
    m_ExportTrainingData: 0
    m_TrainingDataDestination: TrainingData
    m_LightProbeSampleCountMultiplier: 4
  m_LightingDataAsset: {fileID: 0}
  m_UseShadowmask: 1
--- !u!196 &4
NavMeshSettings:
  serializedVersion: 2
  m_ObjectHideFlags: 0
  m_BuildSettings:
    serializedVersion: 2
    agentTypeID: 0
    agentRadius: 0.5
    agentHeight: 2
    agentSlope: 45
    agentClimb: 0.4
    ledgeDropHeight: 0
    maxJumpAcrossDistance: 0
    minRegionArea: 2
    manualCellSize: 0
    cellSize: 0.16666667
    manualTileSize: 0
    tileSize: 256
    accuratePlacement: 0
    debug:
      m_Flags: 0
  m_NavMeshData: {fileID: 0}
--- !u!4 &11741300 stripped
Transform:
  m_CorrespondingSourceObject: {fileID: 1829308571044184782, guid: 898d723f7ad017848b70615f16b2b2f8,
    type: 3}
  m_PrefabInstance: {fileID: 642052271}
  m_PrefabAsset: {fileID: 0}
--- !u!1001 &15202177
PrefabInstance:
  m_ObjectHideFlags: 0
  serializedVersion: 2
  m_Modification:
    m_TransformParent: {fileID: 2083421340}
    m_Modifications:
    - target: {fileID: 1829308571044184776, guid: 898d723f7ad017848b70615f16b2b2f8,
        type: 3}
      propertyPath: m_Name
      value: Block (15)
      objectReference: {fileID: 0}
    - target: {fileID: 1829308571044184782, guid: 898d723f7ad017848b70615f16b2b2f8,
        type: 3}
      propertyPath: m_LocalPosition.x
      value: -2.75
      objectReference: {fileID: 0}
    - target: {fileID: 1829308571044184782, guid: 898d723f7ad017848b70615f16b2b2f8,
        type: 3}
      propertyPath: m_LocalPosition.y
      value: 4.48
      objectReference: {fileID: 0}
    - target: {fileID: 1829308571044184782, guid: 898d723f7ad017848b70615f16b2b2f8,
        type: 3}
      propertyPath: m_LocalPosition.z
      value: 8.4658165
      objectReference: {fileID: 0}
    - target: {fileID: 1829308571044184782, guid: 898d723f7ad017848b70615f16b2b2f8,
        type: 3}
      propertyPath: m_LocalRotation.x
      value: -0
      objectReference: {fileID: 0}
    - target: {fileID: 1829308571044184782, guid: 898d723f7ad017848b70615f16b2b2f8,
        type: 3}
      propertyPath: m_LocalRotation.y
      value: -0
      objectReference: {fileID: 0}
    - target: {fileID: 1829308571044184782, guid: 898d723f7ad017848b70615f16b2b2f8,
        type: 3}
      propertyPath: m_LocalRotation.z
      value: -0
      objectReference: {fileID: 0}
    - target: {fileID: 1829308571044184782, guid: 898d723f7ad017848b70615f16b2b2f8,
        type: 3}
      propertyPath: m_LocalRotation.w
      value: 1
      objectReference: {fileID: 0}
    - target: {fileID: 1829308571044184782, guid: 898d723f7ad017848b70615f16b2b2f8,
        type: 3}
      propertyPath: m_RootOrder
      value: 15
      objectReference: {fileID: 0}
    - target: {fileID: 1829308571044184782, guid: 898d723f7ad017848b70615f16b2b2f8,
        type: 3}
      propertyPath: m_LocalEulerAnglesHint.x
      value: 0
      objectReference: {fileID: 0}
    - target: {fileID: 1829308571044184782, guid: 898d723f7ad017848b70615f16b2b2f8,
        type: 3}
      propertyPath: m_LocalEulerAnglesHint.y
      value: 0
      objectReference: {fileID: 0}
    - target: {fileID: 1829308571044184782, guid: 898d723f7ad017848b70615f16b2b2f8,
        type: 3}
      propertyPath: m_LocalEulerAnglesHint.z
      value: 0
      objectReference: {fileID: 0}
    m_RemovedComponents: []
  m_SourcePrefab: {fileID: 100100000, guid: 898d723f7ad017848b70615f16b2b2f8, type: 3}
--- !u!4 &66430318 stripped
Transform:
  m_CorrespondingSourceObject: {fileID: 1829308571044184782, guid: ae8b3d4875116a642ae4aa7054425da0,
    type: 3}
  m_PrefabInstance: {fileID: 1040148494}
  m_PrefabAsset: {fileID: 0}
--- !u!4 &131020555 stripped
Transform:
  m_CorrespondingSourceObject: {fileID: 1829308571044184782, guid: 898d723f7ad017848b70615f16b2b2f8,
    type: 3}
  m_PrefabInstance: {fileID: 1742436681}
  m_PrefabAsset: {fileID: 0}
--- !u!1001 &133810745
PrefabInstance:
  m_ObjectHideFlags: 0
  serializedVersion: 2
  m_Modification:
    m_TransformParent: {fileID: 2083421340}
    m_Modifications:
    - target: {fileID: 1829308571044184776, guid: 898d723f7ad017848b70615f16b2b2f8,
        type: 3}
      propertyPath: m_Name
      value: Block (9)
      objectReference: {fileID: 0}
    - target: {fileID: 1829308571044184782, guid: 898d723f7ad017848b70615f16b2b2f8,
        type: 3}
      propertyPath: m_LocalPosition.x
      value: 3.254096
      objectReference: {fileID: 0}
    - target: {fileID: 1829308571044184782, guid: 898d723f7ad017848b70615f16b2b2f8,
        type: 3}
      propertyPath: m_LocalPosition.y
      value: 4.48
      objectReference: {fileID: 0}
    - target: {fileID: 1829308571044184782, guid: 898d723f7ad017848b70615f16b2b2f8,
        type: 3}
      propertyPath: m_LocalPosition.z
      value: 8.4658165
      objectReference: {fileID: 0}
    - target: {fileID: 1829308571044184782, guid: 898d723f7ad017848b70615f16b2b2f8,
        type: 3}
      propertyPath: m_LocalRotation.x
      value: -0
      objectReference: {fileID: 0}
    - target: {fileID: 1829308571044184782, guid: 898d723f7ad017848b70615f16b2b2f8,
        type: 3}
      propertyPath: m_LocalRotation.y
      value: -0
      objectReference: {fileID: 0}
    - target: {fileID: 1829308571044184782, guid: 898d723f7ad017848b70615f16b2b2f8,
        type: 3}
      propertyPath: m_LocalRotation.z
      value: -0
      objectReference: {fileID: 0}
    - target: {fileID: 1829308571044184782, guid: 898d723f7ad017848b70615f16b2b2f8,
        type: 3}
      propertyPath: m_LocalRotation.w
      value: 1
      objectReference: {fileID: 0}
    - target: {fileID: 1829308571044184782, guid: 898d723f7ad017848b70615f16b2b2f8,
        type: 3}
      propertyPath: m_RootOrder
      value: 9
      objectReference: {fileID: 0}
    - target: {fileID: 1829308571044184782, guid: 898d723f7ad017848b70615f16b2b2f8,
        type: 3}
      propertyPath: m_LocalEulerAnglesHint.x
      value: 0
      objectReference: {fileID: 0}
    - target: {fileID: 1829308571044184782, guid: 898d723f7ad017848b70615f16b2b2f8,
        type: 3}
      propertyPath: m_LocalEulerAnglesHint.y
      value: 0
      objectReference: {fileID: 0}
    - target: {fileID: 1829308571044184782, guid: 898d723f7ad017848b70615f16b2b2f8,
        type: 3}
      propertyPath: m_LocalEulerAnglesHint.z
      value: 0
      objectReference: {fileID: 0}
    m_RemovedComponents: []
  m_SourcePrefab: {fileID: 100100000, guid: 898d723f7ad017848b70615f16b2b2f8, type: 3}
--- !u!1001 &144347526
PrefabInstance:
  m_ObjectHideFlags: 0
  serializedVersion: 2
  m_Modification:
    m_TransformParent: {fileID: 0}
    m_Modifications:
    - target: {fileID: 6507523798771417989, guid: 91bd7533b924d30469ea1ff272d4c1ef,
        type: 3}
      propertyPath: m_Name
      value: Play Space
      objectReference: {fileID: 0}
    - target: {fileID: 6507523798771417990, guid: 91bd7533b924d30469ea1ff272d4c1ef,
        type: 3}
      propertyPath: m_LocalPosition.x
      value: 0
      objectReference: {fileID: 0}
    - target: {fileID: 6507523798771417990, guid: 91bd7533b924d30469ea1ff272d4c1ef,
        type: 3}
      propertyPath: m_LocalPosition.y
      value: 0
      objectReference: {fileID: 0}
    - target: {fileID: 6507523798771417990, guid: 91bd7533b924d30469ea1ff272d4c1ef,
        type: 3}
      propertyPath: m_LocalPosition.z
      value: 0
      objectReference: {fileID: 0}
    - target: {fileID: 6507523798771417990, guid: 91bd7533b924d30469ea1ff272d4c1ef,
        type: 3}
      propertyPath: m_LocalRotation.x
      value: 0
      objectReference: {fileID: 0}
    - target: {fileID: 6507523798771417990, guid: 91bd7533b924d30469ea1ff272d4c1ef,
        type: 3}
      propertyPath: m_LocalRotation.y
      value: 0
      objectReference: {fileID: 0}
    - target: {fileID: 6507523798771417990, guid: 91bd7533b924d30469ea1ff272d4c1ef,
        type: 3}
      propertyPath: m_LocalRotation.z
      value: 0
      objectReference: {fileID: 0}
    - target: {fileID: 6507523798771417990, guid: 91bd7533b924d30469ea1ff272d4c1ef,
        type: 3}
      propertyPath: m_LocalRotation.w
      value: 1
      objectReference: {fileID: 0}
    - target: {fileID: 6507523798771417990, guid: 91bd7533b924d30469ea1ff272d4c1ef,
        type: 3}
      propertyPath: m_RootOrder
      value: 1
      objectReference: {fileID: 0}
    - target: {fileID: 6507523798771417990, guid: 91bd7533b924d30469ea1ff272d4c1ef,
        type: 3}
      propertyPath: m_LocalEulerAnglesHint.x
      value: 0
      objectReference: {fileID: 0}
    - target: {fileID: 6507523798771417990, guid: 91bd7533b924d30469ea1ff272d4c1ef,
        type: 3}
      propertyPath: m_LocalEulerAnglesHint.y
      value: 0
      objectReference: {fileID: 0}
    - target: {fileID: 6507523798771417990, guid: 91bd7533b924d30469ea1ff272d4c1ef,
        type: 3}
      propertyPath: m_LocalEulerAnglesHint.z
      value: 0
      objectReference: {fileID: 0}
    m_RemovedComponents: []
  m_SourcePrefab: {fileID: 100100000, guid: 91bd7533b924d30469ea1ff272d4c1ef, type: 3}
--- !u!4 &155245608 stripped
Transform:
  m_CorrespondingSourceObject: {fileID: 1829308571044184782, guid: ae8b3d4875116a642ae4aa7054425da0,
    type: 3}
  m_PrefabInstance: {fileID: 950400580}
  m_PrefabAsset: {fileID: 0}
--- !u!4 &192521504 stripped
Transform:
  m_CorrespondingSourceObject: {fileID: 1829308571044184782, guid: ae8b3d4875116a642ae4aa7054425da0,
    type: 3}
  m_PrefabInstance: {fileID: 689553644}
  m_PrefabAsset: {fileID: 0}
--- !u!1001 &194303978
PrefabInstance:
  m_ObjectHideFlags: 0
  serializedVersion: 2
  m_Modification:
    m_TransformParent: {fileID: 2083421340}
    m_Modifications:
    - target: {fileID: 1829308571044184776, guid: 898d723f7ad017848b70615f16b2b2f8,
        type: 3}
      propertyPath: m_Name
      value: Block (4)
      objectReference: {fileID: 0}
    - target: {fileID: 1829308571044184782, guid: 898d723f7ad017848b70615f16b2b2f8,
        type: 3}
      propertyPath: m_LocalPosition.x
      value: 0.25
      objectReference: {fileID: 0}
    - target: {fileID: 1829308571044184782, guid: 898d723f7ad017848b70615f16b2b2f8,
        type: 3}
      propertyPath: m_LocalPosition.y
      value: 0.48307037
      objectReference: {fileID: 0}
    - target: {fileID: 1829308571044184782, guid: 898d723f7ad017848b70615f16b2b2f8,
        type: 3}
      propertyPath: m_LocalPosition.z
      value: 8.4658165
      objectReference: {fileID: 0}
    - target: {fileID: 1829308571044184782, guid: 898d723f7ad017848b70615f16b2b2f8,
        type: 3}
      propertyPath: m_LocalRotation.x
      value: -0
      objectReference: {fileID: 0}
    - target: {fileID: 1829308571044184782, guid: 898d723f7ad017848b70615f16b2b2f8,
        type: 3}
      propertyPath: m_LocalRotation.y
      value: -0
      objectReference: {fileID: 0}
    - target: {fileID: 1829308571044184782, guid: 898d723f7ad017848b70615f16b2b2f8,
        type: 3}
      propertyPath: m_LocalRotation.z
      value: -0
      objectReference: {fileID: 0}
    - target: {fileID: 1829308571044184782, guid: 898d723f7ad017848b70615f16b2b2f8,
        type: 3}
      propertyPath: m_LocalRotation.w
      value: 1
      objectReference: {fileID: 0}
    - target: {fileID: 1829308571044184782, guid: 898d723f7ad017848b70615f16b2b2f8,
        type: 3}
      propertyPath: m_RootOrder
      value: 4
      objectReference: {fileID: 0}
    - target: {fileID: 1829308571044184782, guid: 898d723f7ad017848b70615f16b2b2f8,
        type: 3}
      propertyPath: m_LocalEulerAnglesHint.x
      value: 0
      objectReference: {fileID: 0}
    - target: {fileID: 1829308571044184782, guid: 898d723f7ad017848b70615f16b2b2f8,
        type: 3}
      propertyPath: m_LocalEulerAnglesHint.y
      value: 0
      objectReference: {fileID: 0}
    - target: {fileID: 1829308571044184782, guid: 898d723f7ad017848b70615f16b2b2f8,
        type: 3}
      propertyPath: m_LocalEulerAnglesHint.z
      value: 0
      objectReference: {fileID: 0}
    m_RemovedComponents: []
  m_SourcePrefab: {fileID: 100100000, guid: 898d723f7ad017848b70615f16b2b2f8, type: 3}
--- !u!1001 &195653996
PrefabInstance:
  m_ObjectHideFlags: 0
  serializedVersion: 2
  m_Modification:
    m_TransformParent: {fileID: 2083421340}
    m_Modifications:
    - target: {fileID: 1829308571044184776, guid: 898d723f7ad017848b70615f16b2b2f8,
        type: 3}
      propertyPath: m_Name
      value: Block (6)
      objectReference: {fileID: 0}
    - target: {fileID: 1829308571044184782, guid: 898d723f7ad017848b70615f16b2b2f8,
        type: 3}
      propertyPath: m_LocalPosition.x
      value: 2.25
      objectReference: {fileID: 0}
    - target: {fileID: 1829308571044184782, guid: 898d723f7ad017848b70615f16b2b2f8,
        type: 3}
      propertyPath: m_LocalPosition.y
      value: 0.48307037
      objectReference: {fileID: 0}
    - target: {fileID: 1829308571044184782, guid: 898d723f7ad017848b70615f16b2b2f8,
        type: 3}
      propertyPath: m_LocalPosition.z
      value: 8.4658165
      objectReference: {fileID: 0}
    - target: {fileID: 1829308571044184782, guid: 898d723f7ad017848b70615f16b2b2f8,
        type: 3}
      propertyPath: m_LocalRotation.x
      value: -0
      objectReference: {fileID: 0}
    - target: {fileID: 1829308571044184782, guid: 898d723f7ad017848b70615f16b2b2f8,
        type: 3}
      propertyPath: m_LocalRotation.y
      value: -0
      objectReference: {fileID: 0}
    - target: {fileID: 1829308571044184782, guid: 898d723f7ad017848b70615f16b2b2f8,
        type: 3}
      propertyPath: m_LocalRotation.z
      value: -0
      objectReference: {fileID: 0}
    - target: {fileID: 1829308571044184782, guid: 898d723f7ad017848b70615f16b2b2f8,
        type: 3}
      propertyPath: m_LocalRotation.w
      value: 1
      objectReference: {fileID: 0}
    - target: {fileID: 1829308571044184782, guid: 898d723f7ad017848b70615f16b2b2f8,
        type: 3}
      propertyPath: m_RootOrder
      value: 6
      objectReference: {fileID: 0}
    - target: {fileID: 1829308571044184782, guid: 898d723f7ad017848b70615f16b2b2f8,
        type: 3}
      propertyPath: m_LocalEulerAnglesHint.x
      value: 0
      objectReference: {fileID: 0}
    - target: {fileID: 1829308571044184782, guid: 898d723f7ad017848b70615f16b2b2f8,
        type: 3}
      propertyPath: m_LocalEulerAnglesHint.y
      value: 0
      objectReference: {fileID: 0}
    - target: {fileID: 1829308571044184782, guid: 898d723f7ad017848b70615f16b2b2f8,
        type: 3}
      propertyPath: m_LocalEulerAnglesHint.z
      value: 0
      objectReference: {fileID: 0}
    m_RemovedComponents: []
  m_SourcePrefab: {fileID: 100100000, guid: 898d723f7ad017848b70615f16b2b2f8, type: 3}
--- !u!4 &253409570 stripped
Transform:
  m_CorrespondingSourceObject: {fileID: 1829308571044184782, guid: ae8b3d4875116a642ae4aa7054425da0,
    type: 3}
  m_PrefabInstance: {fileID: 326945752}
  m_PrefabAsset: {fileID: 0}
--- !u!4 &297884683 stripped
Transform:
  m_CorrespondingSourceObject: {fileID: 1829308571044184782, guid: 898d723f7ad017848b70615f16b2b2f8,
    type: 3}
  m_PrefabInstance: {fileID: 15202177}
  m_PrefabAsset: {fileID: 0}
--- !u!1001 &325255989
PrefabInstance:
  m_ObjectHideFlags: 0
  serializedVersion: 2
  m_Modification:
    m_TransformParent: {fileID: 1430183181}
    m_Modifications:
    - target: {fileID: 1829308571044184776, guid: ae8b3d4875116a642ae4aa7054425da0,
        type: 3}
      propertyPath: m_Name
      value: Unbrekable Block (7)
      objectReference: {fileID: 0}
    - target: {fileID: 1829308571044184782, guid: ae8b3d4875116a642ae4aa7054425da0,
        type: 3}
      propertyPath: m_LocalPosition.x
      value: 10.98
      objectReference: {fileID: 0}
    - target: {fileID: 1829308571044184782, guid: ae8b3d4875116a642ae4aa7054425da0,
        type: 3}
      propertyPath: m_LocalPosition.y
      value: 3.61
      objectReference: {fileID: 0}
    - target: {fileID: 1829308571044184782, guid: ae8b3d4875116a642ae4aa7054425da0,
        type: 3}
      propertyPath: m_LocalPosition.z
      value: 0
      objectReference: {fileID: 0}
    - target: {fileID: 1829308571044184782, guid: ae8b3d4875116a642ae4aa7054425da0,
        type: 3}
      propertyPath: m_LocalRotation.x
      value: -0
      objectReference: {fileID: 0}
    - target: {fileID: 1829308571044184782, guid: ae8b3d4875116a642ae4aa7054425da0,
        type: 3}
      propertyPath: m_LocalRotation.y
      value: -0
      objectReference: {fileID: 0}
    - target: {fileID: 1829308571044184782, guid: ae8b3d4875116a642ae4aa7054425da0,
        type: 3}
      propertyPath: m_LocalRotation.z
      value: -0
      objectReference: {fileID: 0}
    - target: {fileID: 1829308571044184782, guid: ae8b3d4875116a642ae4aa7054425da0,
        type: 3}
      propertyPath: m_LocalRotation.w
      value: 1
      objectReference: {fileID: 0}
    - target: {fileID: 1829308571044184782, guid: ae8b3d4875116a642ae4aa7054425da0,
        type: 3}
      propertyPath: m_RootOrder
      value: 7
      objectReference: {fileID: 0}
    - target: {fileID: 1829308571044184782, guid: ae8b3d4875116a642ae4aa7054425da0,
        type: 3}
      propertyPath: m_LocalEulerAnglesHint.x
      value: 0
      objectReference: {fileID: 0}
    - target: {fileID: 1829308571044184782, guid: ae8b3d4875116a642ae4aa7054425da0,
        type: 3}
      propertyPath: m_LocalEulerAnglesHint.y
      value: 0
      objectReference: {fileID: 0}
    - target: {fileID: 1829308571044184782, guid: ae8b3d4875116a642ae4aa7054425da0,
        type: 3}
      propertyPath: m_LocalEulerAnglesHint.z
      value: 0
      objectReference: {fileID: 0}
    m_RemovedComponents: []
  m_SourcePrefab: {fileID: 100100000, guid: ae8b3d4875116a642ae4aa7054425da0, type: 3}
--- !u!1001 &326945752
PrefabInstance:
  m_ObjectHideFlags: 0
  serializedVersion: 2
  m_Modification:
    m_TransformParent: {fileID: 1430183181}
    m_Modifications:
    - target: {fileID: 1829308571044184776, guid: ae8b3d4875116a642ae4aa7054425da0,
        type: 3}
      propertyPath: m_Name
      value: Unbrekable Block (6)
      objectReference: {fileID: 0}
    - target: {fileID: 1829308571044184782, guid: ae8b3d4875116a642ae4aa7054425da0,
        type: 3}
      propertyPath: m_LocalPosition.x
      value: 9.969999
      objectReference: {fileID: 0}
    - target: {fileID: 1829308571044184782, guid: ae8b3d4875116a642ae4aa7054425da0,
        type: 3}
      propertyPath: m_LocalPosition.y
      value: 3.61
      objectReference: {fileID: 0}
    - target: {fileID: 1829308571044184782, guid: ae8b3d4875116a642ae4aa7054425da0,
        type: 3}
      propertyPath: m_LocalPosition.z
      value: 0
      objectReference: {fileID: 0}
    - target: {fileID: 1829308571044184782, guid: ae8b3d4875116a642ae4aa7054425da0,
        type: 3}
      propertyPath: m_LocalRotation.x
      value: -0
      objectReference: {fileID: 0}
    - target: {fileID: 1829308571044184782, guid: ae8b3d4875116a642ae4aa7054425da0,
        type: 3}
      propertyPath: m_LocalRotation.y
      value: -0
      objectReference: {fileID: 0}
    - target: {fileID: 1829308571044184782, guid: ae8b3d4875116a642ae4aa7054425da0,
        type: 3}
      propertyPath: m_LocalRotation.z
      value: -0
      objectReference: {fileID: 0}
    - target: {fileID: 1829308571044184782, guid: ae8b3d4875116a642ae4aa7054425da0,
        type: 3}
      propertyPath: m_LocalRotation.w
      value: 1
      objectReference: {fileID: 0}
    - target: {fileID: 1829308571044184782, guid: ae8b3d4875116a642ae4aa7054425da0,
        type: 3}
      propertyPath: m_RootOrder
      value: 6
      objectReference: {fileID: 0}
    - target: {fileID: 1829308571044184782, guid: ae8b3d4875116a642ae4aa7054425da0,
        type: 3}
      propertyPath: m_LocalEulerAnglesHint.x
      value: 0
      objectReference: {fileID: 0}
    - target: {fileID: 1829308571044184782, guid: ae8b3d4875116a642ae4aa7054425da0,
        type: 3}
      propertyPath: m_LocalEulerAnglesHint.y
      value: 0
      objectReference: {fileID: 0}
    - target: {fileID: 1829308571044184782, guid: ae8b3d4875116a642ae4aa7054425da0,
        type: 3}
      propertyPath: m_LocalEulerAnglesHint.z
      value: 0
      objectReference: {fileID: 0}
    m_RemovedComponents: []
  m_SourcePrefab: {fileID: 100100000, guid: ae8b3d4875116a642ae4aa7054425da0, type: 3}
--- !u!4 &404037358 stripped
Transform:
  m_CorrespondingSourceObject: {fileID: 1829308571044184782, guid: ae8b3d4875116a642ae4aa7054425da0,
    type: 3}
  m_PrefabInstance: {fileID: 1958229598}
  m_PrefabAsset: {fileID: 0}
--- !u!4 &409065774 stripped
Transform:
  m_CorrespondingSourceObject: {fileID: 1829308571044184782, guid: 898d723f7ad017848b70615f16b2b2f8,
    type: 3}
  m_PrefabInstance: {fileID: 610633862}
  m_PrefabAsset: {fileID: 0}
--- !u!1001 &604505930
PrefabInstance:
  m_ObjectHideFlags: 0
  serializedVersion: 2
  m_Modification:
    m_TransformParent: {fileID: 0}
    m_Modifications:
    - target: {fileID: 3806010339379584848, guid: 0e86ffe6d8a31b14d81a48b72f66ba3a,
        type: 3}
      propertyPath: m_Name
      value: Game Camera
      objectReference: {fileID: 0}
    - target: {fileID: 3806010339379584855, guid: 0e86ffe6d8a31b14d81a48b72f66ba3a,
        type: 3}
      propertyPath: m_LocalPosition.x
      value: 8
      objectReference: {fileID: 0}
    - target: {fileID: 3806010339379584855, guid: 0e86ffe6d8a31b14d81a48b72f66ba3a,
        type: 3}
      propertyPath: m_LocalPosition.y
      value: 6
      objectReference: {fileID: 0}
    - target: {fileID: 3806010339379584855, guid: 0e86ffe6d8a31b14d81a48b72f66ba3a,
        type: 3}
      propertyPath: m_LocalPosition.z
      value: -10
      objectReference: {fileID: 0}
    - target: {fileID: 3806010339379584855, guid: 0e86ffe6d8a31b14d81a48b72f66ba3a,
        type: 3}
      propertyPath: m_LocalRotation.x
      value: 0
      objectReference: {fileID: 0}
    - target: {fileID: 3806010339379584855, guid: 0e86ffe6d8a31b14d81a48b72f66ba3a,
        type: 3}
      propertyPath: m_LocalRotation.y
      value: 0
      objectReference: {fileID: 0}
    - target: {fileID: 3806010339379584855, guid: 0e86ffe6d8a31b14d81a48b72f66ba3a,
        type: 3}
      propertyPath: m_LocalRotation.z
      value: 0
      objectReference: {fileID: 0}
    - target: {fileID: 3806010339379584855, guid: 0e86ffe6d8a31b14d81a48b72f66ba3a,
        type: 3}
      propertyPath: m_LocalRotation.w
      value: 1
      objectReference: {fileID: 0}
    - target: {fileID: 3806010339379584855, guid: 0e86ffe6d8a31b14d81a48b72f66ba3a,
        type: 3}
      propertyPath: m_RootOrder
      value: 0
      objectReference: {fileID: 0}
    - target: {fileID: 3806010339379584855, guid: 0e86ffe6d8a31b14d81a48b72f66ba3a,
        type: 3}
      propertyPath: m_LocalEulerAnglesHint.x
      value: 0
      objectReference: {fileID: 0}
    - target: {fileID: 3806010339379584855, guid: 0e86ffe6d8a31b14d81a48b72f66ba3a,
        type: 3}
      propertyPath: m_LocalEulerAnglesHint.y
      value: 0
      objectReference: {fileID: 0}
    - target: {fileID: 3806010339379584855, guid: 0e86ffe6d8a31b14d81a48b72f66ba3a,
        type: 3}
      propertyPath: m_LocalEulerAnglesHint.z
      value: 0
      objectReference: {fileID: 0}
    m_RemovedComponents: []
  m_SourcePrefab: {fileID: 100100000, guid: 0e86ffe6d8a31b14d81a48b72f66ba3a, type: 3}
--- !u!1001 &610633862
PrefabInstance:
  m_ObjectHideFlags: 0
  serializedVersion: 2
  m_Modification:
    m_TransformParent: {fileID: 2083421340}
    m_Modifications:
    - target: {fileID: 1829308571044184776, guid: 898d723f7ad017848b70615f16b2b2f8,
        type: 3}
      propertyPath: m_Name
      value: Block (8)
      objectReference: {fileID: 0}
    - target: {fileID: 1829308571044184782, guid: 898d723f7ad017848b70615f16b2b2f8,
        type: 3}
      propertyPath: m_LocalPosition.x
      value: 2.25
      objectReference: {fileID: 0}
    - target: {fileID: 1829308571044184782, guid: 898d723f7ad017848b70615f16b2b2f8,
        type: 3}
      propertyPath: m_LocalPosition.y
      value: 4.48
      objectReference: {fileID: 0}
    - target: {fileID: 1829308571044184782, guid: 898d723f7ad017848b70615f16b2b2f8,
        type: 3}
      propertyPath: m_LocalPosition.z
      value: 8.4658165
      objectReference: {fileID: 0}
    - target: {fileID: 1829308571044184782, guid: 898d723f7ad017848b70615f16b2b2f8,
        type: 3}
      propertyPath: m_LocalRotation.x
      value: -0
      objectReference: {fileID: 0}
    - target: {fileID: 1829308571044184782, guid: 898d723f7ad017848b70615f16b2b2f8,
        type: 3}
      propertyPath: m_LocalRotation.y
      value: -0
      objectReference: {fileID: 0}
    - target: {fileID: 1829308571044184782, guid: 898d723f7ad017848b70615f16b2b2f8,
        type: 3}
      propertyPath: m_LocalRotation.z
      value: -0
      objectReference: {fileID: 0}
    - target: {fileID: 1829308571044184782, guid: 898d723f7ad017848b70615f16b2b2f8,
        type: 3}
      propertyPath: m_LocalRotation.w
      value: 1
      objectReference: {fileID: 0}
    - target: {fileID: 1829308571044184782, guid: 898d723f7ad017848b70615f16b2b2f8,
        type: 3}
      propertyPath: m_RootOrder
      value: 8
      objectReference: {fileID: 0}
    - target: {fileID: 1829308571044184782, guid: 898d723f7ad017848b70615f16b2b2f8,
        type: 3}
      propertyPath: m_LocalEulerAnglesHint.x
      value: 0
      objectReference: {fileID: 0}
    - target: {fileID: 1829308571044184782, guid: 898d723f7ad017848b70615f16b2b2f8,
        type: 3}
      propertyPath: m_LocalEulerAnglesHint.y
      value: 0
      objectReference: {fileID: 0}
    - target: {fileID: 1829308571044184782, guid: 898d723f7ad017848b70615f16b2b2f8,
        type: 3}
      propertyPath: m_LocalEulerAnglesHint.z
      value: 0
      objectReference: {fileID: 0}
    m_RemovedComponents: []
  m_SourcePrefab: {fileID: 100100000, guid: 898d723f7ad017848b70615f16b2b2f8, type: 3}
--- !u!1001 &642052271
PrefabInstance:
  m_ObjectHideFlags: 0
  serializedVersion: 2
  m_Modification:
    m_TransformParent: {fileID: 2083421340}
    m_Modifications:
    - target: {fileID: 1829308571044184776, guid: 898d723f7ad017848b70615f16b2b2f8,
        type: 3}
      propertyPath: m_Name
      value: Block (11)
      objectReference: {fileID: 0}
    - target: {fileID: 1829308571044184782, guid: 898d723f7ad017848b70615f16b2b2f8,
        type: 3}
      propertyPath: m_LocalPosition.x
      value: 1.254096
      objectReference: {fileID: 0}
    - target: {fileID: 1829308571044184782, guid: 898d723f7ad017848b70615f16b2b2f8,
        type: 3}
      propertyPath: m_LocalPosition.y
      value: 4.48
      objectReference: {fileID: 0}
    - target: {fileID: 1829308571044184782, guid: 898d723f7ad017848b70615f16b2b2f8,
        type: 3}
      propertyPath: m_LocalPosition.z
      value: 8.4658165
      objectReference: {fileID: 0}
    - target: {fileID: 1829308571044184782, guid: 898d723f7ad017848b70615f16b2b2f8,
        type: 3}
      propertyPath: m_LocalRotation.x
      value: -0
      objectReference: {fileID: 0}
    - target: {fileID: 1829308571044184782, guid: 898d723f7ad017848b70615f16b2b2f8,
        type: 3}
      propertyPath: m_LocalRotation.y
      value: -0
      objectReference: {fileID: 0}
    - target: {fileID: 1829308571044184782, guid: 898d723f7ad017848b70615f16b2b2f8,
        type: 3}
      propertyPath: m_LocalRotation.z
      value: -0
      objectReference: {fileID: 0}
    - target: {fileID: 1829308571044184782, guid: 898d723f7ad017848b70615f16b2b2f8,
        type: 3}
      propertyPath: m_LocalRotation.w
      value: 1
      objectReference: {fileID: 0}
    - target: {fileID: 1829308571044184782, guid: 898d723f7ad017848b70615f16b2b2f8,
        type: 3}
      propertyPath: m_RootOrder
      value: 11
      objectReference: {fileID: 0}
    - target: {fileID: 1829308571044184782, guid: 898d723f7ad017848b70615f16b2b2f8,
        type: 3}
      propertyPath: m_LocalEulerAnglesHint.x
      value: 0
      objectReference: {fileID: 0}
    - target: {fileID: 1829308571044184782, guid: 898d723f7ad017848b70615f16b2b2f8,
        type: 3}
      propertyPath: m_LocalEulerAnglesHint.y
      value: 0
      objectReference: {fileID: 0}
    - target: {fileID: 1829308571044184782, guid: 898d723f7ad017848b70615f16b2b2f8,
        type: 3}
      propertyPath: m_LocalEulerAnglesHint.z
      value: 0
      objectReference: {fileID: 0}
    m_RemovedComponents: []
  m_SourcePrefab: {fileID: 100100000, guid: 898d723f7ad017848b70615f16b2b2f8, type: 3}
--- !u!1001 &669603826
PrefabInstance:
  m_ObjectHideFlags: 0
  serializedVersion: 2
  m_Modification:
    m_TransformParent: {fileID: 2083421340}
    m_Modifications:
    - target: {fileID: 1829308571044184776, guid: 898d723f7ad017848b70615f16b2b2f8,
        type: 3}
      propertyPath: m_Name
      value: Block (7)
      objectReference: {fileID: 0}
    - target: {fileID: 1829308571044184782, guid: 898d723f7ad017848b70615f16b2b2f8,
        type: 3}
      propertyPath: m_LocalPosition.x
      value: 3.254096
      objectReference: {fileID: 0}
    - target: {fileID: 1829308571044184782, guid: 898d723f7ad017848b70615f16b2b2f8,
        type: 3}
      propertyPath: m_LocalPosition.y
      value: 0.48307037
      objectReference: {fileID: 0}
    - target: {fileID: 1829308571044184782, guid: 898d723f7ad017848b70615f16b2b2f8,
        type: 3}
      propertyPath: m_LocalPosition.z
      value: 8.4658165
      objectReference: {fileID: 0}
    - target: {fileID: 1829308571044184782, guid: 898d723f7ad017848b70615f16b2b2f8,
        type: 3}
      propertyPath: m_LocalRotation.x
      value: -0
      objectReference: {fileID: 0}
    - target: {fileID: 1829308571044184782, guid: 898d723f7ad017848b70615f16b2b2f8,
        type: 3}
      propertyPath: m_LocalRotation.y
      value: -0
      objectReference: {fileID: 0}
    - target: {fileID: 1829308571044184782, guid: 898d723f7ad017848b70615f16b2b2f8,
        type: 3}
      propertyPath: m_LocalRotation.z
      value: -0
      objectReference: {fileID: 0}
    - target: {fileID: 1829308571044184782, guid: 898d723f7ad017848b70615f16b2b2f8,
        type: 3}
      propertyPath: m_LocalRotation.w
      value: 1
      objectReference: {fileID: 0}
    - target: {fileID: 1829308571044184782, guid: 898d723f7ad017848b70615f16b2b2f8,
        type: 3}
      propertyPath: m_RootOrder
      value: 7
      objectReference: {fileID: 0}
    - target: {fileID: 1829308571044184782, guid: 898d723f7ad017848b70615f16b2b2f8,
        type: 3}
      propertyPath: m_LocalEulerAnglesHint.x
      value: 0
      objectReference: {fileID: 0}
    - target: {fileID: 1829308571044184782, guid: 898d723f7ad017848b70615f16b2b2f8,
        type: 3}
      propertyPath: m_LocalEulerAnglesHint.y
      value: 0
      objectReference: {fileID: 0}
    - target: {fileID: 1829308571044184782, guid: 898d723f7ad017848b70615f16b2b2f8,
        type: 3}
      propertyPath: m_LocalEulerAnglesHint.z
      value: 0
      objectReference: {fileID: 0}
    m_RemovedComponents: []
  m_SourcePrefab: {fileID: 100100000, guid: 898d723f7ad017848b70615f16b2b2f8, type: 3}
--- !u!1001 &689553644
PrefabInstance:
  m_ObjectHideFlags: 0
  serializedVersion: 2
  m_Modification:
    m_TransformParent: {fileID: 1430183181}
    m_Modifications:
    - target: {fileID: 1829308571044184776, guid: ae8b3d4875116a642ae4aa7054425da0,
        type: 3}
      propertyPath: m_Name
      value: Unbrekable Block (5)
      objectReference: {fileID: 0}
    - target: {fileID: 1829308571044184782, guid: ae8b3d4875116a642ae4aa7054425da0,
        type: 3}
      propertyPath: m_LocalPosition.x
      value: 9
      objectReference: {fileID: 0}
    - target: {fileID: 1829308571044184782, guid: ae8b3d4875116a642ae4aa7054425da0,
        type: 3}
      propertyPath: m_LocalPosition.y
      value: 3.61
      objectReference: {fileID: 0}
    - target: {fileID: 1829308571044184782, guid: ae8b3d4875116a642ae4aa7054425da0,
        type: 3}
      propertyPath: m_LocalPosition.z
      value: 0
      objectReference: {fileID: 0}
    - target: {fileID: 1829308571044184782, guid: ae8b3d4875116a642ae4aa7054425da0,
        type: 3}
      propertyPath: m_LocalRotation.x
      value: -0
      objectReference: {fileID: 0}
    - target: {fileID: 1829308571044184782, guid: ae8b3d4875116a642ae4aa7054425da0,
        type: 3}
      propertyPath: m_LocalRotation.y
      value: -0
      objectReference: {fileID: 0}
    - target: {fileID: 1829308571044184782, guid: ae8b3d4875116a642ae4aa7054425da0,
        type: 3}
      propertyPath: m_LocalRotation.z
      value: -0
      objectReference: {fileID: 0}
    - target: {fileID: 1829308571044184782, guid: ae8b3d4875116a642ae4aa7054425da0,
        type: 3}
      propertyPath: m_LocalRotation.w
      value: 1
      objectReference: {fileID: 0}
    - target: {fileID: 1829308571044184782, guid: ae8b3d4875116a642ae4aa7054425da0,
        type: 3}
      propertyPath: m_RootOrder
      value: 5
      objectReference: {fileID: 0}
    - target: {fileID: 1829308571044184782, guid: ae8b3d4875116a642ae4aa7054425da0,
        type: 3}
      propertyPath: m_LocalEulerAnglesHint.x
      value: 0
      objectReference: {fileID: 0}
    - target: {fileID: 1829308571044184782, guid: ae8b3d4875116a642ae4aa7054425da0,
        type: 3}
      propertyPath: m_LocalEulerAnglesHint.y
      value: 0
      objectReference: {fileID: 0}
    - target: {fileID: 1829308571044184782, guid: ae8b3d4875116a642ae4aa7054425da0,
        type: 3}
      propertyPath: m_LocalEulerAnglesHint.z
      value: 0
      objectReference: {fileID: 0}
    m_RemovedComponents: []
  m_SourcePrefab: {fileID: 100100000, guid: ae8b3d4875116a642ae4aa7054425da0, type: 3}
--- !u!4 &707078443 stripped
Transform:
  m_CorrespondingSourceObject: {fileID: 1829308571044184782, guid: 898d723f7ad017848b70615f16b2b2f8,
    type: 3}
  m_PrefabInstance: {fileID: 194303978}
  m_PrefabAsset: {fileID: 0}
--- !u!1001 &841116990
PrefabInstance:
  m_ObjectHideFlags: 0
  serializedVersion: 2
  m_Modification:
    m_TransformParent: {fileID: 2083421340}
    m_Modifications:
    - target: {fileID: 1829308571044184776, guid: 898d723f7ad017848b70615f16b2b2f8,
        type: 3}
      propertyPath: m_Name
      value: Block (14)
      objectReference: {fileID: 0}
    - target: {fileID: 1829308571044184782, guid: 898d723f7ad017848b70615f16b2b2f8,
        type: 3}
      propertyPath: m_LocalPosition.x
      value: -3.7540965
      objectReference: {fileID: 0}
    - target: {fileID: 1829308571044184782, guid: 898d723f7ad017848b70615f16b2b2f8,
        type: 3}
      propertyPath: m_LocalPosition.y
      value: 4.48
      objectReference: {fileID: 0}
    - target: {fileID: 1829308571044184782, guid: 898d723f7ad017848b70615f16b2b2f8,
        type: 3}
      propertyPath: m_LocalPosition.z
      value: 8.4658165
      objectReference: {fileID: 0}
    - target: {fileID: 1829308571044184782, guid: 898d723f7ad017848b70615f16b2b2f8,
        type: 3}
      propertyPath: m_LocalRotation.x
      value: -0
      objectReference: {fileID: 0}
    - target: {fileID: 1829308571044184782, guid: 898d723f7ad017848b70615f16b2b2f8,
        type: 3}
      propertyPath: m_LocalRotation.y
      value: -0
      objectReference: {fileID: 0}
    - target: {fileID: 1829308571044184782, guid: 898d723f7ad017848b70615f16b2b2f8,
        type: 3}
      propertyPath: m_LocalRotation.z
      value: -0
      objectReference: {fileID: 0}
    - target: {fileID: 1829308571044184782, guid: 898d723f7ad017848b70615f16b2b2f8,
        type: 3}
      propertyPath: m_LocalRotation.w
      value: 1
      objectReference: {fileID: 0}
    - target: {fileID: 1829308571044184782, guid: 898d723f7ad017848b70615f16b2b2f8,
        type: 3}
      propertyPath: m_RootOrder
      value: 14
      objectReference: {fileID: 0}
    - target: {fileID: 1829308571044184782, guid: 898d723f7ad017848b70615f16b2b2f8,
        type: 3}
      propertyPath: m_LocalEulerAnglesHint.x
      value: 0
      objectReference: {fileID: 0}
    - target: {fileID: 1829308571044184782, guid: 898d723f7ad017848b70615f16b2b2f8,
        type: 3}
      propertyPath: m_LocalEulerAnglesHint.y
      value: 0
      objectReference: {fileID: 0}
    - target: {fileID: 1829308571044184782, guid: 898d723f7ad017848b70615f16b2b2f8,
        type: 3}
      propertyPath: m_LocalEulerAnglesHint.z
      value: 0
      objectReference: {fileID: 0}
    m_RemovedComponents: []
  m_SourcePrefab: {fileID: 100100000, guid: 898d723f7ad017848b70615f16b2b2f8, type: 3}
--- !u!1001 &950400580
PrefabInstance:
  m_ObjectHideFlags: 0
  serializedVersion: 2
  m_Modification:
    m_TransformParent: {fileID: 1430183181}
    m_Modifications:
    - target: {fileID: 1829308571044184776, guid: ae8b3d4875116a642ae4aa7054425da0,
        type: 3}
      propertyPath: m_Name
      value: Unbrekable Block (3)
      objectReference: {fileID: 0}
    - target: {fileID: 1829308571044184782, guid: ae8b3d4875116a642ae4aa7054425da0,
        type: 3}
      propertyPath: m_LocalPosition.x
      value: 6.98
      objectReference: {fileID: 0}
    - target: {fileID: 1829308571044184782, guid: ae8b3d4875116a642ae4aa7054425da0,
        type: 3}
      propertyPath: m_LocalPosition.y
      value: 3.61
      objectReference: {fileID: 0}
    - target: {fileID: 1829308571044184782, guid: ae8b3d4875116a642ae4aa7054425da0,
        type: 3}
      propertyPath: m_LocalPosition.z
      value: 0
      objectReference: {fileID: 0}
    - target: {fileID: 1829308571044184782, guid: ae8b3d4875116a642ae4aa7054425da0,
        type: 3}
      propertyPath: m_LocalRotation.x
      value: -0
      objectReference: {fileID: 0}
    - target: {fileID: 1829308571044184782, guid: ae8b3d4875116a642ae4aa7054425da0,
        type: 3}
      propertyPath: m_LocalRotation.y
      value: -0
      objectReference: {fileID: 0}
    - target: {fileID: 1829308571044184782, guid: ae8b3d4875116a642ae4aa7054425da0,
        type: 3}
      propertyPath: m_LocalRotation.z
      value: -0
      objectReference: {fileID: 0}
    - target: {fileID: 1829308571044184782, guid: ae8b3d4875116a642ae4aa7054425da0,
        type: 3}
      propertyPath: m_LocalRotation.w
      value: 1
      objectReference: {fileID: 0}
    - target: {fileID: 1829308571044184782, guid: ae8b3d4875116a642ae4aa7054425da0,
        type: 3}
      propertyPath: m_RootOrder
      value: 3
      objectReference: {fileID: 0}
    - target: {fileID: 1829308571044184782, guid: ae8b3d4875116a642ae4aa7054425da0,
        type: 3}
      propertyPath: m_LocalEulerAnglesHint.x
      value: 0
      objectReference: {fileID: 0}
    - target: {fileID: 1829308571044184782, guid: ae8b3d4875116a642ae4aa7054425da0,
        type: 3}
      propertyPath: m_LocalEulerAnglesHint.y
      value: 0
      objectReference: {fileID: 0}
    - target: {fileID: 1829308571044184782, guid: ae8b3d4875116a642ae4aa7054425da0,
        type: 3}
      propertyPath: m_LocalEulerAnglesHint.z
      value: 0
      objectReference: {fileID: 0}
    m_RemovedComponents: []
  m_SourcePrefab: {fileID: 100100000, guid: ae8b3d4875116a642ae4aa7054425da0, type: 3}
--- !u!1001 &977084711
PrefabInstance:
  m_ObjectHideFlags: 0
  serializedVersion: 2
  m_Modification:
    m_TransformParent: {fileID: 0}
    m_Modifications:
    - target: {fileID: 2981089222272538634, guid: 6294ef70f98b18646a52678df9e215db,
        type: 3}
      propertyPath: m_Name
      value: EventSystem
      objectReference: {fileID: 0}
    - target: {fileID: 2981089222272538639, guid: 6294ef70f98b18646a52678df9e215db,
        type: 3}
      propertyPath: m_LocalPosition.x
      value: 0
      objectReference: {fileID: 0}
    - target: {fileID: 2981089222272538639, guid: 6294ef70f98b18646a52678df9e215db,
        type: 3}
      propertyPath: m_LocalPosition.y
      value: 0
      objectReference: {fileID: 0}
    - target: {fileID: 2981089222272538639, guid: 6294ef70f98b18646a52678df9e215db,
        type: 3}
      propertyPath: m_LocalPosition.z
      value: 0
      objectReference: {fileID: 0}
    - target: {fileID: 2981089222272538639, guid: 6294ef70f98b18646a52678df9e215db,
        type: 3}
      propertyPath: m_LocalRotation.x
      value: 0
      objectReference: {fileID: 0}
    - target: {fileID: 2981089222272538639, guid: 6294ef70f98b18646a52678df9e215db,
        type: 3}
      propertyPath: m_LocalRotation.y
      value: 0
      objectReference: {fileID: 0}
    - target: {fileID: 2981089222272538639, guid: 6294ef70f98b18646a52678df9e215db,
        type: 3}
      propertyPath: m_LocalRotation.z
      value: 0
      objectReference: {fileID: 0}
    - target: {fileID: 2981089222272538639, guid: 6294ef70f98b18646a52678df9e215db,
        type: 3}
      propertyPath: m_LocalRotation.w
      value: 1
      objectReference: {fileID: 0}
    - target: {fileID: 2981089222272538639, guid: 6294ef70f98b18646a52678df9e215db,
        type: 3}
      propertyPath: m_RootOrder
      value: 4
      objectReference: {fileID: 0}
    - target: {fileID: 2981089222272538639, guid: 6294ef70f98b18646a52678df9e215db,
        type: 3}
      propertyPath: m_LocalEulerAnglesHint.x
      value: 0
      objectReference: {fileID: 0}
    - target: {fileID: 2981089222272538639, guid: 6294ef70f98b18646a52678df9e215db,
        type: 3}
      propertyPath: m_LocalEulerAnglesHint.y
      value: 0
      objectReference: {fileID: 0}
    - target: {fileID: 2981089222272538639, guid: 6294ef70f98b18646a52678df9e215db,
        type: 3}
      propertyPath: m_LocalEulerAnglesHint.z
      value: 0
      objectReference: {fileID: 0}
    m_RemovedComponents: []
  m_SourcePrefab: {fileID: 100100000, guid: 6294ef70f98b18646a52678df9e215db, type: 3}
--- !u!1001 &985005614
PrefabInstance:
  m_ObjectHideFlags: 0
  serializedVersion: 2
  m_Modification:
    m_TransformParent: {fileID: 2083421340}
    m_Modifications:
    - target: {fileID: 1829308571044184776, guid: 898d723f7ad017848b70615f16b2b2f8,
        type: 3}
      propertyPath: m_Name
      value: Block (3)
      objectReference: {fileID: 0}
    - target: {fileID: 1829308571044184782, guid: 898d723f7ad017848b70615f16b2b2f8,
        type: 3}
      propertyPath: m_LocalPosition.x
      value: -0.75
      objectReference: {fileID: 0}
    - target: {fileID: 1829308571044184782, guid: 898d723f7ad017848b70615f16b2b2f8,
        type: 3}
      propertyPath: m_LocalPosition.y
      value: 0.48307037
      objectReference: {fileID: 0}
    - target: {fileID: 1829308571044184782, guid: 898d723f7ad017848b70615f16b2b2f8,
        type: 3}
      propertyPath: m_LocalPosition.z
      value: 8.4658165
      objectReference: {fileID: 0}
    - target: {fileID: 1829308571044184782, guid: 898d723f7ad017848b70615f16b2b2f8,
        type: 3}
      propertyPath: m_LocalRotation.x
      value: -0
      objectReference: {fileID: 0}
    - target: {fileID: 1829308571044184782, guid: 898d723f7ad017848b70615f16b2b2f8,
        type: 3}
      propertyPath: m_LocalRotation.y
      value: -0
      objectReference: {fileID: 0}
    - target: {fileID: 1829308571044184782, guid: 898d723f7ad017848b70615f16b2b2f8,
        type: 3}
      propertyPath: m_LocalRotation.z
      value: -0
      objectReference: {fileID: 0}
    - target: {fileID: 1829308571044184782, guid: 898d723f7ad017848b70615f16b2b2f8,
        type: 3}
      propertyPath: m_LocalRotation.w
      value: 1
      objectReference: {fileID: 0}
    - target: {fileID: 1829308571044184782, guid: 898d723f7ad017848b70615f16b2b2f8,
        type: 3}
      propertyPath: m_RootOrder
      value: 3
      objectReference: {fileID: 0}
    - target: {fileID: 1829308571044184782, guid: 898d723f7ad017848b70615f16b2b2f8,
        type: 3}
      propertyPath: m_LocalEulerAnglesHint.x
      value: 0
      objectReference: {fileID: 0}
    - target: {fileID: 1829308571044184782, guid: 898d723f7ad017848b70615f16b2b2f8,
        type: 3}
      propertyPath: m_LocalEulerAnglesHint.y
      value: 0
      objectReference: {fileID: 0}
    - target: {fileID: 1829308571044184782, guid: 898d723f7ad017848b70615f16b2b2f8,
        type: 3}
      propertyPath: m_LocalEulerAnglesHint.z
      value: 0
      objectReference: {fileID: 0}
    m_RemovedComponents: []
  m_SourcePrefab: {fileID: 100100000, guid: 898d723f7ad017848b70615f16b2b2f8, type: 3}
--- !u!4 &992780858 stripped
Transform:
  m_CorrespondingSourceObject: {fileID: 1829308571044184782, guid: 898d723f7ad017848b70615f16b2b2f8,
    type: 3}
  m_PrefabInstance: {fileID: 841116990}
  m_PrefabAsset: {fileID: 0}
--- !u!1001 &1008214495
PrefabInstance:
  m_ObjectHideFlags: 0
  serializedVersion: 2
  m_Modification:
    m_TransformParent: {fileID: 2083421340}
    m_Modifications:
    - target: {fileID: 1829308571044184776, guid: 898d723f7ad017848b70615f16b2b2f8,
        type: 3}
      propertyPath: m_Name
      value: Block (12)
      objectReference: {fileID: 0}
    - target: {fileID: 1829308571044184782, guid: 898d723f7ad017848b70615f16b2b2f8,
        type: 3}
      propertyPath: m_LocalPosition.x
      value: -1.7540965
      objectReference: {fileID: 0}
    - target: {fileID: 1829308571044184782, guid: 898d723f7ad017848b70615f16b2b2f8,
        type: 3}
      propertyPath: m_LocalPosition.y
      value: 4.48
      objectReference: {fileID: 0}
    - target: {fileID: 1829308571044184782, guid: 898d723f7ad017848b70615f16b2b2f8,
        type: 3}
      propertyPath: m_LocalPosition.z
      value: 8.4658165
      objectReference: {fileID: 0}
    - target: {fileID: 1829308571044184782, guid: 898d723f7ad017848b70615f16b2b2f8,
        type: 3}
      propertyPath: m_LocalRotation.x
      value: -0
      objectReference: {fileID: 0}
    - target: {fileID: 1829308571044184782, guid: 898d723f7ad017848b70615f16b2b2f8,
        type: 3}
      propertyPath: m_LocalRotation.y
      value: -0
      objectReference: {fileID: 0}
    - target: {fileID: 1829308571044184782, guid: 898d723f7ad017848b70615f16b2b2f8,
        type: 3}
      propertyPath: m_LocalRotation.z
      value: -0
      objectReference: {fileID: 0}
    - target: {fileID: 1829308571044184782, guid: 898d723f7ad017848b70615f16b2b2f8,
        type: 3}
      propertyPath: m_LocalRotation.w
      value: 1
      objectReference: {fileID: 0}
    - target: {fileID: 1829308571044184782, guid: 898d723f7ad017848b70615f16b2b2f8,
        type: 3}
      propertyPath: m_RootOrder
      value: 12
      objectReference: {fileID: 0}
    - target: {fileID: 1829308571044184782, guid: 898d723f7ad017848b70615f16b2b2f8,
        type: 3}
      propertyPath: m_LocalEulerAnglesHint.x
      value: 0
      objectReference: {fileID: 0}
    - target: {fileID: 1829308571044184782, guid: 898d723f7ad017848b70615f16b2b2f8,
        type: 3}
      propertyPath: m_LocalEulerAnglesHint.y
      value: 0
      objectReference: {fileID: 0}
    - target: {fileID: 1829308571044184782, guid: 898d723f7ad017848b70615f16b2b2f8,
        type: 3}
      propertyPath: m_LocalEulerAnglesHint.z
      value: 0
      objectReference: {fileID: 0}
    m_RemovedComponents: []
  m_SourcePrefab: {fileID: 100100000, guid: 898d723f7ad017848b70615f16b2b2f8, type: 3}
--- !u!1001 &1040148494
PrefabInstance:
  m_ObjectHideFlags: 0
  serializedVersion: 2
  m_Modification:
    m_TransformParent: {fileID: 1430183181}
    m_Modifications:
    - target: {fileID: 1829308571044184776, guid: ae8b3d4875116a642ae4aa7054425da0,
        type: 3}
      propertyPath: m_Name
      value: Unbrekable Block (4)
      objectReference: {fileID: 0}
    - target: {fileID: 1829308571044184782, guid: ae8b3d4875116a642ae4aa7054425da0,
        type: 3}
      propertyPath: m_LocalPosition.x
      value: 7.99
      objectReference: {fileID: 0}
    - target: {fileID: 1829308571044184782, guid: ae8b3d4875116a642ae4aa7054425da0,
        type: 3}
      propertyPath: m_LocalPosition.y
      value: 3.61
      objectReference: {fileID: 0}
    - target: {fileID: 1829308571044184782, guid: ae8b3d4875116a642ae4aa7054425da0,
        type: 3}
      propertyPath: m_LocalPosition.z
      value: 0
      objectReference: {fileID: 0}
    - target: {fileID: 1829308571044184782, guid: ae8b3d4875116a642ae4aa7054425da0,
        type: 3}
      propertyPath: m_LocalRotation.x
      value: -0
      objectReference: {fileID: 0}
    - target: {fileID: 1829308571044184782, guid: ae8b3d4875116a642ae4aa7054425da0,
        type: 3}
      propertyPath: m_LocalRotation.y
      value: -0
      objectReference: {fileID: 0}
    - target: {fileID: 1829308571044184782, guid: ae8b3d4875116a642ae4aa7054425da0,
        type: 3}
      propertyPath: m_LocalRotation.z
      value: -0
      objectReference: {fileID: 0}
    - target: {fileID: 1829308571044184782, guid: ae8b3d4875116a642ae4aa7054425da0,
        type: 3}
      propertyPath: m_LocalRotation.w
      value: 1
      objectReference: {fileID: 0}
    - target: {fileID: 1829308571044184782, guid: ae8b3d4875116a642ae4aa7054425da0,
        type: 3}
      propertyPath: m_RootOrder
      value: 4
      objectReference: {fileID: 0}
    - target: {fileID: 1829308571044184782, guid: ae8b3d4875116a642ae4aa7054425da0,
        type: 3}
      propertyPath: m_LocalEulerAnglesHint.x
      value: 0
      objectReference: {fileID: 0}
    - target: {fileID: 1829308571044184782, guid: ae8b3d4875116a642ae4aa7054425da0,
        type: 3}
      propertyPath: m_LocalEulerAnglesHint.y
      value: 0
      objectReference: {fileID: 0}
    - target: {fileID: 1829308571044184782, guid: ae8b3d4875116a642ae4aa7054425da0,
        type: 3}
      propertyPath: m_LocalEulerAnglesHint.z
      value: 0
      objectReference: {fileID: 0}
    m_RemovedComponents: []
  m_SourcePrefab: {fileID: 100100000, guid: ae8b3d4875116a642ae4aa7054425da0, type: 3}
--- !u!1001 &1052229066
PrefabInstance:
  m_ObjectHideFlags: 0
  serializedVersion: 2
  m_Modification:
    m_TransformParent: {fileID: 2083421340}
    m_Modifications:
    - target: {fileID: 1829308571044184776, guid: 898d723f7ad017848b70615f16b2b2f8,
        type: 3}
      propertyPath: m_Name
      value: Block (13)
      objectReference: {fileID: 0}
    - target: {fileID: 1829308571044184782, guid: 898d723f7ad017848b70615f16b2b2f8,
        type: 3}
      propertyPath: m_LocalPosition.x
      value: -0.75
      objectReference: {fileID: 0}
    - target: {fileID: 1829308571044184782, guid: 898d723f7ad017848b70615f16b2b2f8,
        type: 3}
      propertyPath: m_LocalPosition.y
      value: 4.48
      objectReference: {fileID: 0}
    - target: {fileID: 1829308571044184782, guid: 898d723f7ad017848b70615f16b2b2f8,
        type: 3}
      propertyPath: m_LocalPosition.z
      value: 8.4658165
      objectReference: {fileID: 0}
    - target: {fileID: 1829308571044184782, guid: 898d723f7ad017848b70615f16b2b2f8,
        type: 3}
      propertyPath: m_LocalRotation.x
      value: -0
      objectReference: {fileID: 0}
    - target: {fileID: 1829308571044184782, guid: 898d723f7ad017848b70615f16b2b2f8,
        type: 3}
      propertyPath: m_LocalRotation.y
      value: -0
      objectReference: {fileID: 0}
    - target: {fileID: 1829308571044184782, guid: 898d723f7ad017848b70615f16b2b2f8,
        type: 3}
      propertyPath: m_LocalRotation.z
      value: -0
      objectReference: {fileID: 0}
    - target: {fileID: 1829308571044184782, guid: 898d723f7ad017848b70615f16b2b2f8,
        type: 3}
      propertyPath: m_LocalRotation.w
      value: 1
      objectReference: {fileID: 0}
    - target: {fileID: 1829308571044184782, guid: 898d723f7ad017848b70615f16b2b2f8,
        type: 3}
      propertyPath: m_RootOrder
      value: 13
      objectReference: {fileID: 0}
    - target: {fileID: 1829308571044184782, guid: 898d723f7ad017848b70615f16b2b2f8,
        type: 3}
      propertyPath: m_LocalEulerAnglesHint.x
      value: 0
      objectReference: {fileID: 0}
    - target: {fileID: 1829308571044184782, guid: 898d723f7ad017848b70615f16b2b2f8,
        type: 3}
      propertyPath: m_LocalEulerAnglesHint.y
      value: 0
      objectReference: {fileID: 0}
    - target: {fileID: 1829308571044184782, guid: 898d723f7ad017848b70615f16b2b2f8,
        type: 3}
      propertyPath: m_LocalEulerAnglesHint.z
      value: 0
      objectReference: {fileID: 0}
    m_RemovedComponents: []
  m_SourcePrefab: {fileID: 100100000, guid: 898d723f7ad017848b70615f16b2b2f8, type: 3}
--- !u!4 &1065473681 stripped
Transform:
  m_CorrespondingSourceObject: {fileID: 1829308571044184782, guid: 898d723f7ad017848b70615f16b2b2f8,
    type: 3}
  m_PrefabInstance: {fileID: 133810745}
  m_PrefabAsset: {fileID: 0}
--- !u!4 &1144688462 stripped
Transform:
  m_CorrespondingSourceObject: {fileID: 1829308571044184782, guid: 898d723f7ad017848b70615f16b2b2f8,
    type: 3}
  m_PrefabInstance: {fileID: 1366367940}
  m_PrefabAsset: {fileID: 0}
--- !u!4 &1156222762 stripped
Transform:
  m_CorrespondingSourceObject: {fileID: 1829308571044184782, guid: ae8b3d4875116a642ae4aa7054425da0,
    type: 3}
  m_PrefabInstance: {fileID: 325255989}
  m_PrefabAsset: {fileID: 0}
--- !u!4 &1161150725 stripped
Transform:
  m_CorrespondingSourceObject: {fileID: 1829308571044184782, guid: 898d723f7ad017848b70615f16b2b2f8,
    type: 3}
  m_PrefabInstance: {fileID: 985005614}
  m_PrefabAsset: {fileID: 0}
--- !u!4 &1218728673 stripped
Transform:
  m_CorrespondingSourceObject: {fileID: 1829308571044184782, guid: ae8b3d4875116a642ae4aa7054425da0,
    type: 3}
  m_PrefabInstance: {fileID: 7356119946417219670}
  m_PrefabAsset: {fileID: 0}
--- !u!114 &1223302058 stripped
MonoBehaviour:
  m_CorrespondingSourceObject: {fileID: 7603367172755626857, guid: a0999bfeb09b97e47a1aabe5403a4796,
    type: 3}
  m_PrefabInstance: {fileID: 1580180762}
  m_PrefabAsset: {fileID: 0}
  m_GameObject: {fileID: 0}
  m_Enabled: 1
  m_EditorHideFlags: 0
  m_Script: {fileID: 11500000, guid: 6340235e2671d8a4aac18e07ff8908c0, type: 3}
  m_Name: 
  m_EditorClassIdentifier: 
--- !u!1001 &1251447215
PrefabInstance:
  m_ObjectHideFlags: 0
  serializedVersion: 2
  m_Modification:
    m_TransformParent: {fileID: 0}
    m_Modifications:
    - target: {fileID: 798213837, guid: 4e4da174443e9be40a94fdd07afc00c6, type: 3}
      propertyPath: m_LocalPosition.z
      value: 0
      objectReference: {fileID: 0}
    - target: {fileID: 481022318411301111, guid: 4e4da174443e9be40a94fdd07afc00c6,
        type: 3}
      propertyPath: m_textInfo.characterCount
      value: 0
      objectReference: {fileID: 0}
    - target: {fileID: 481022318411301111, guid: 4e4da174443e9be40a94fdd07afc00c6,
        type: 3}
      propertyPath: m_textInfo.wordCount
      value: 0
      objectReference: {fileID: 0}
    - target: {fileID: 481022318411301111, guid: 4e4da174443e9be40a94fdd07afc00c6,
        type: 3}
      propertyPath: m_textInfo.lineCount
      value: 0
      objectReference: {fileID: 0}
    - target: {fileID: 481022318411301111, guid: 4e4da174443e9be40a94fdd07afc00c6,
        type: 3}
      propertyPath: m_textInfo.pageCount
      value: 0
      objectReference: {fileID: 0}
    - target: {fileID: 4278451713138530476, guid: 4e4da174443e9be40a94fdd07afc00c6,
        type: 3}
      propertyPath: m_LocalPosition.x
      value: 10.116825
      objectReference: {fileID: 0}
    - target: {fileID: 4278451713138530476, guid: 4e4da174443e9be40a94fdd07afc00c6,
        type: 3}
      propertyPath: m_LocalPosition.y
      value: 4.4084306
      objectReference: {fileID: 0}
    - target: {fileID: 4278451713138530476, guid: 4e4da174443e9be40a94fdd07afc00c6,
        type: 3}
      propertyPath: m_LocalPosition.z
      value: -19.879322
      objectReference: {fileID: 0}
    - target: {fileID: 4278451713138530476, guid: 4e4da174443e9be40a94fdd07afc00c6,
        type: 3}
      propertyPath: m_LocalRotation.x
      value: 0
      objectReference: {fileID: 0}
    - target: {fileID: 4278451713138530476, guid: 4e4da174443e9be40a94fdd07afc00c6,
        type: 3}
      propertyPath: m_LocalRotation.y
      value: 0
      objectReference: {fileID: 0}
    - target: {fileID: 4278451713138530476, guid: 4e4da174443e9be40a94fdd07afc00c6,
        type: 3}
      propertyPath: m_LocalRotation.z
      value: 0
      objectReference: {fileID: 0}
    - target: {fileID: 4278451713138530476, guid: 4e4da174443e9be40a94fdd07afc00c6,
        type: 3}
      propertyPath: m_LocalRotation.w
      value: 1
      objectReference: {fileID: 0}
    - target: {fileID: 4278451713138530476, guid: 4e4da174443e9be40a94fdd07afc00c6,
        type: 3}
      propertyPath: m_RootOrder
      value: 8
      objectReference: {fileID: 0}
    - target: {fileID: 4278451713138530476, guid: 4e4da174443e9be40a94fdd07afc00c6,
        type: 3}
      propertyPath: m_LocalEulerAnglesHint.x
      value: 0
      objectReference: {fileID: 0}
    - target: {fileID: 4278451713138530476, guid: 4e4da174443e9be40a94fdd07afc00c6,
        type: 3}
      propertyPath: m_LocalEulerAnglesHint.y
      value: 0
      objectReference: {fileID: 0}
    - target: {fileID: 4278451713138530476, guid: 4e4da174443e9be40a94fdd07afc00c6,
        type: 3}
      propertyPath: m_LocalEulerAnglesHint.z
      value: 0
      objectReference: {fileID: 0}
    - target: {fileID: 4278451713138530477, guid: 4e4da174443e9be40a94fdd07afc00c6,
        type: 3}
      propertyPath: gameSpeed
      value: 0.5
      objectReference: {fileID: 0}
    - target: {fileID: 4278451713138530478, guid: 4e4da174443e9be40a94fdd07afc00c6,
        type: 3}
      propertyPath: m_Name
      value: Game Session
      objectReference: {fileID: 0}
    m_RemovedComponents: []
  m_SourcePrefab: {fileID: 100100000, guid: 4e4da174443e9be40a94fdd07afc00c6, type: 3}
--- !u!4 &1256084159 stripped
Transform:
  m_CorrespondingSourceObject: {fileID: 1829308571044184782, guid: 898d723f7ad017848b70615f16b2b2f8,
    type: 3}
  m_PrefabInstance: {fileID: 1008214495}
  m_PrefabAsset: {fileID: 0}
--- !u!4 &1266395221 stripped
Transform:
  m_CorrespondingSourceObject: {fileID: 1829308571044184782, guid: 898d723f7ad017848b70615f16b2b2f8,
    type: 3}
  m_PrefabInstance: {fileID: 669603826}
  m_PrefabAsset: {fileID: 0}
--- !u!4 &1283051506 stripped
Transform:
  m_CorrespondingSourceObject: {fileID: 1829308571044184782, guid: 898d723f7ad017848b70615f16b2b2f8,
    type: 3}
  m_PrefabInstance: {fileID: 1337155013}
  m_PrefabAsset: {fileID: 0}
--- !u!1001 &1299306493
PrefabInstance:
  m_ObjectHideFlags: 0
  serializedVersion: 2
  m_Modification:
    m_TransformParent: {fileID: 0}
    m_Modifications:
    - target: {fileID: 2646638536997420504, guid: 5055e85b0e47099428452043b99ba0be,
        type: 3}
      propertyPath: m_Name
      value: ball
      objectReference: {fileID: 0}
    - target: {fileID: 2646638536997420515, guid: 5055e85b0e47099428452043b99ba0be,
        type: 3}
      propertyPath: paddle1
      value: 
      objectReference: {fileID: 1223302058}
    - target: {fileID: 2646638536997420518, guid: 5055e85b0e47099428452043b99ba0be,
        type: 3}
      propertyPath: m_LocalPosition.x
      value: 7.49
      objectReference: {fileID: 0}
    - target: {fileID: 2646638536997420518, guid: 5055e85b0e47099428452043b99ba0be,
        type: 3}
      propertyPath: m_LocalPosition.y
      value: 0.6
      objectReference: {fileID: 0}
    - target: {fileID: 2646638536997420518, guid: 5055e85b0e47099428452043b99ba0be,
        type: 3}
      propertyPath: m_LocalPosition.z
      value: 0
      objectReference: {fileID: 0}
    - target: {fileID: 2646638536997420518, guid: 5055e85b0e47099428452043b99ba0be,
        type: 3}
      propertyPath: m_LocalRotation.x
      value: 0
      objectReference: {fileID: 0}
    - target: {fileID: 2646638536997420518, guid: 5055e85b0e47099428452043b99ba0be,
        type: 3}
      propertyPath: m_LocalRotation.y
      value: 0
      objectReference: {fileID: 0}
    - target: {fileID: 2646638536997420518, guid: 5055e85b0e47099428452043b99ba0be,
        type: 3}
      propertyPath: m_LocalRotation.z
      value: 0
      objectReference: {fileID: 0}
    - target: {fileID: 2646638536997420518, guid: 5055e85b0e47099428452043b99ba0be,
        type: 3}
      propertyPath: m_LocalRotation.w
      value: 1
      objectReference: {fileID: 0}
    - target: {fileID: 2646638536997420518, guid: 5055e85b0e47099428452043b99ba0be,
        type: 3}
      propertyPath: m_RootOrder
      value: 3
      objectReference: {fileID: 0}
    - target: {fileID: 2646638536997420518, guid: 5055e85b0e47099428452043b99ba0be,
        type: 3}
      propertyPath: m_LocalEulerAnglesHint.x
      value: 0
      objectReference: {fileID: 0}
    - target: {fileID: 2646638536997420518, guid: 5055e85b0e47099428452043b99ba0be,
        type: 3}
      propertyPath: m_LocalEulerAnglesHint.y
      value: 0
      objectReference: {fileID: 0}
    - target: {fileID: 2646638536997420518, guid: 5055e85b0e47099428452043b99ba0be,
        type: 3}
      propertyPath: m_LocalEulerAnglesHint.z
      value: 0
      objectReference: {fileID: 0}
    m_RemovedComponents: []
  m_SourcePrefab: {fileID: 100100000, guid: 5055e85b0e47099428452043b99ba0be, type: 3}
--- !u!1001 &1337155013
PrefabInstance:
  m_ObjectHideFlags: 0
  serializedVersion: 2
  m_Modification:
    m_TransformParent: {fileID: 2083421340}
    m_Modifications:
    - target: {fileID: 1829308571044184776, guid: 898d723f7ad017848b70615f16b2b2f8,
        type: 3}
      propertyPath: m_Name
      value: Block (5)
      objectReference: {fileID: 0}
    - target: {fileID: 1829308571044184782, guid: 898d723f7ad017848b70615f16b2b2f8,
        type: 3}
      propertyPath: m_LocalPosition.x
      value: 1.254096
      objectReference: {fileID: 0}
    - target: {fileID: 1829308571044184782, guid: 898d723f7ad017848b70615f16b2b2f8,
        type: 3}
      propertyPath: m_LocalPosition.y
      value: 0.48307037
      objectReference: {fileID: 0}
    - target: {fileID: 1829308571044184782, guid: 898d723f7ad017848b70615f16b2b2f8,
        type: 3}
      propertyPath: m_LocalPosition.z
      value: 8.4658165
      objectReference: {fileID: 0}
    - target: {fileID: 1829308571044184782, guid: 898d723f7ad017848b70615f16b2b2f8,
        type: 3}
      propertyPath: m_LocalRotation.x
      value: -0
      objectReference: {fileID: 0}
    - target: {fileID: 1829308571044184782, guid: 898d723f7ad017848b70615f16b2b2f8,
        type: 3}
      propertyPath: m_LocalRotation.y
      value: -0
      objectReference: {fileID: 0}
    - target: {fileID: 1829308571044184782, guid: 898d723f7ad017848b70615f16b2b2f8,
        type: 3}
      propertyPath: m_LocalRotation.z
      value: -0
      objectReference: {fileID: 0}
    - target: {fileID: 1829308571044184782, guid: 898d723f7ad017848b70615f16b2b2f8,
        type: 3}
      propertyPath: m_LocalRotation.w
      value: 1
      objectReference: {fileID: 0}
    - target: {fileID: 1829308571044184782, guid: 898d723f7ad017848b70615f16b2b2f8,
        type: 3}
      propertyPath: m_RootOrder
      value: 5
      objectReference: {fileID: 0}
    - target: {fileID: 1829308571044184782, guid: 898d723f7ad017848b70615f16b2b2f8,
        type: 3}
      propertyPath: m_LocalEulerAnglesHint.x
      value: 0
      objectReference: {fileID: 0}
    - target: {fileID: 1829308571044184782, guid: 898d723f7ad017848b70615f16b2b2f8,
        type: 3}
      propertyPath: m_LocalEulerAnglesHint.y
      value: 0
      objectReference: {fileID: 0}
    - target: {fileID: 1829308571044184782, guid: 898d723f7ad017848b70615f16b2b2f8,
        type: 3}
      propertyPath: m_LocalEulerAnglesHint.z
      value: 0
      objectReference: {fileID: 0}
    m_RemovedComponents: []
  m_SourcePrefab: {fileID: 100100000, guid: 898d723f7ad017848b70615f16b2b2f8, type: 3}
--- !u!1001 &1366367940
PrefabInstance:
  m_ObjectHideFlags: 0
  serializedVersion: 2
  m_Modification:
    m_TransformParent: {fileID: 2083421340}
    m_Modifications:
    - target: {fileID: 1829308571044184776, guid: 898d723f7ad017848b70615f16b2b2f8,
        type: 3}
      propertyPath: m_Name
      value: Block (10)
      objectReference: {fileID: 0}
    - target: {fileID: 1829308571044184782, guid: 898d723f7ad017848b70615f16b2b2f8,
        type: 3}
      propertyPath: m_LocalPosition.x
      value: 0.25
      objectReference: {fileID: 0}
    - target: {fileID: 1829308571044184782, guid: 898d723f7ad017848b70615f16b2b2f8,
        type: 3}
      propertyPath: m_LocalPosition.y
      value: 4.48
      objectReference: {fileID: 0}
    - target: {fileID: 1829308571044184782, guid: 898d723f7ad017848b70615f16b2b2f8,
        type: 3}
      propertyPath: m_LocalPosition.z
      value: 8.4658165
      objectReference: {fileID: 0}
    - target: {fileID: 1829308571044184782, guid: 898d723f7ad017848b70615f16b2b2f8,
        type: 3}
      propertyPath: m_LocalRotation.x
      value: -0
      objectReference: {fileID: 0}
    - target: {fileID: 1829308571044184782, guid: 898d723f7ad017848b70615f16b2b2f8,
        type: 3}
      propertyPath: m_LocalRotation.y
      value: -0
      objectReference: {fileID: 0}
    - target: {fileID: 1829308571044184782, guid: 898d723f7ad017848b70615f16b2b2f8,
        type: 3}
      propertyPath: m_LocalRotation.z
      value: -0
      objectReference: {fileID: 0}
    - target: {fileID: 1829308571044184782, guid: 898d723f7ad017848b70615f16b2b2f8,
        type: 3}
      propertyPath: m_LocalRotation.w
      value: 1
      objectReference: {fileID: 0}
    - target: {fileID: 1829308571044184782, guid: 898d723f7ad017848b70615f16b2b2f8,
        type: 3}
      propertyPath: m_RootOrder
      value: 10
      objectReference: {fileID: 0}
    - target: {fileID: 1829308571044184782, guid: 898d723f7ad017848b70615f16b2b2f8,
        type: 3}
      propertyPath: m_LocalEulerAnglesHint.x
      value: 0
      objectReference: {fileID: 0}
    - target: {fileID: 1829308571044184782, guid: 898d723f7ad017848b70615f16b2b2f8,
        type: 3}
      propertyPath: m_LocalEulerAnglesHint.y
      value: 0
      objectReference: {fileID: 0}
    - target: {fileID: 1829308571044184782, guid: 898d723f7ad017848b70615f16b2b2f8,
        type: 3}
      propertyPath: m_LocalEulerAnglesHint.z
      value: 0
      objectReference: {fileID: 0}
    m_RemovedComponents: []
  m_SourcePrefab: {fileID: 100100000, guid: 898d723f7ad017848b70615f16b2b2f8, type: 3}
--- !u!1 &1430183180
GameObject:
  m_ObjectHideFlags: 0
  m_CorrespondingSourceObject: {fileID: 0}
  m_PrefabInstance: {fileID: 0}
  m_PrefabAsset: {fileID: 0}
  serializedVersion: 6
  m_Component:
  - component: {fileID: 1430183181}
  m_Layer: 0
  m_Name: Unbrekable Blocks
  m_TagString: Untagged
  m_Icon: {fileID: 0}
  m_NavMeshLayer: 0
  m_StaticEditorFlags: 0
  m_IsActive: 1
--- !u!4 &1430183181
Transform:
  m_ObjectHideFlags: 0
  m_CorrespondingSourceObject: {fileID: 0}
  m_PrefabInstance: {fileID: 0}
  m_PrefabAsset: {fileID: 0}
  m_GameObject: {fileID: 1430183180}
  m_LocalRotation: {x: 0, y: 0, z: 0, w: 1}
  m_LocalPosition: {x: 0, y: 0, z: 0}
  m_LocalScale: {x: 1, y: 1, z: 1}
  m_Children:
  - {fileID: 1218728673}
  - {fileID: 1716649918}
  - {fileID: 404037358}
  - {fileID: 155245608}
  - {fileID: 66430318}
  - {fileID: 192521504}
  - {fileID: 253409570}
  - {fileID: 1156222762}
  m_Father: {fileID: 0}
  m_RootOrder: 6
  m_LocalEulerAnglesHint: {x: 0, y: 0, z: 0}
--- !u!4 &1547737371 stripped
Transform:
  m_CorrespondingSourceObject: {fileID: 1829308571044184782, guid: 898d723f7ad017848b70615f16b2b2f8,
    type: 3}
  m_PrefabInstance: {fileID: 1800827139}
  m_PrefabAsset: {fileID: 0}
--- !u!4 &1577818952 stripped
Transform:
  m_CorrespondingSourceObject: {fileID: 1829308571044184782, guid: 898d723f7ad017848b70615f16b2b2f8,
    type: 3}
  m_PrefabInstance: {fileID: 195653996}
  m_PrefabAsset: {fileID: 0}
--- !u!1001 &1580180762
PrefabInstance:
  m_ObjectHideFlags: 0
  serializedVersion: 2
  m_Modification:
    m_TransformParent: {fileID: 0}
    m_Modifications:
    - target: {fileID: 7603367172755626859, guid: a0999bfeb09b97e47a1aabe5403a4796,
        type: 3}
      propertyPath: m_LocalPosition.x
      value: 7.5
      objectReference: {fileID: 0}
    - target: {fileID: 7603367172755626859, guid: a0999bfeb09b97e47a1aabe5403a4796,
        type: 3}
      propertyPath: m_LocalPosition.y
      value: 0.25
      objectReference: {fileID: 0}
    - target: {fileID: 7603367172755626859, guid: a0999bfeb09b97e47a1aabe5403a4796,
        type: 3}
      propertyPath: m_LocalPosition.z
      value: 0
      objectReference: {fileID: 0}
    - target: {fileID: 7603367172755626859, guid: a0999bfeb09b97e47a1aabe5403a4796,
        type: 3}
      propertyPath: m_LocalRotation.x
      value: 0
      objectReference: {fileID: 0}
    - target: {fileID: 7603367172755626859, guid: a0999bfeb09b97e47a1aabe5403a4796,
        type: 3}
      propertyPath: m_LocalRotation.y
      value: 0
      objectReference: {fileID: 0}
    - target: {fileID: 7603367172755626859, guid: a0999bfeb09b97e47a1aabe5403a4796,
        type: 3}
      propertyPath: m_LocalRotation.z
      value: 0
      objectReference: {fileID: 0}
    - target: {fileID: 7603367172755626859, guid: a0999bfeb09b97e47a1aabe5403a4796,
        type: 3}
      propertyPath: m_LocalRotation.w
      value: 1
      objectReference: {fileID: 0}
    - target: {fileID: 7603367172755626859, guid: a0999bfeb09b97e47a1aabe5403a4796,
        type: 3}
      propertyPath: m_RootOrder
      value: 2
      objectReference: {fileID: 0}
    - target: {fileID: 7603367172755626859, guid: a0999bfeb09b97e47a1aabe5403a4796,
        type: 3}
      propertyPath: m_LocalEulerAnglesHint.x
      value: 0
      objectReference: {fileID: 0}
    - target: {fileID: 7603367172755626859, guid: a0999bfeb09b97e47a1aabe5403a4796,
        type: 3}
      propertyPath: m_LocalEulerAnglesHint.y
      value: 0
      objectReference: {fileID: 0}
    - target: {fileID: 7603367172755626859, guid: a0999bfeb09b97e47a1aabe5403a4796,
        type: 3}
      propertyPath: m_LocalEulerAnglesHint.z
      value: 0
      objectReference: {fileID: 0}
    - target: {fileID: 7603367172755626861, guid: a0999bfeb09b97e47a1aabe5403a4796,
        type: 3}
      propertyPath: m_Name
      value: Paddle
      objectReference: {fileID: 0}
    m_RemovedComponents: []
  m_SourcePrefab: {fileID: 100100000, guid: a0999bfeb09b97e47a1aabe5403a4796, type: 3}
--- !u!1001 &1590097995
PrefabInstance:
  m_ObjectHideFlags: 0
  serializedVersion: 2
  m_Modification:
    m_TransformParent: {fileID: 1430183181}
    m_Modifications:
    - target: {fileID: 1829308571044184776, guid: ae8b3d4875116a642ae4aa7054425da0,
        type: 3}
      propertyPath: m_Name
      value: Unbrekable Block (1)
      objectReference: {fileID: 0}
    - target: {fileID: 1829308571044184782, guid: ae8b3d4875116a642ae4aa7054425da0,
        type: 3}
      propertyPath: m_LocalPosition.x
      value: 5
      objectReference: {fileID: 0}
    - target: {fileID: 1829308571044184782, guid: ae8b3d4875116a642ae4aa7054425da0,
        type: 3}
      propertyPath: m_LocalPosition.y
      value: 3.61
      objectReference: {fileID: 0}
    - target: {fileID: 1829308571044184782, guid: ae8b3d4875116a642ae4aa7054425da0,
        type: 3}
      propertyPath: m_LocalPosition.z
      value: 0
      objectReference: {fileID: 0}
    - target: {fileID: 1829308571044184782, guid: ae8b3d4875116a642ae4aa7054425da0,
        type: 3}
      propertyPath: m_LocalRotation.x
      value: -0
      objectReference: {fileID: 0}
    - target: {fileID: 1829308571044184782, guid: ae8b3d4875116a642ae4aa7054425da0,
        type: 3}
      propertyPath: m_LocalRotation.y
      value: -0
      objectReference: {fileID: 0}
    - target: {fileID: 1829308571044184782, guid: ae8b3d4875116a642ae4aa7054425da0,
        type: 3}
      propertyPath: m_LocalRotation.z
      value: -0
      objectReference: {fileID: 0}
    - target: {fileID: 1829308571044184782, guid: ae8b3d4875116a642ae4aa7054425da0,
        type: 3}
      propertyPath: m_LocalRotation.w
      value: 1
      objectReference: {fileID: 0}
    - target: {fileID: 1829308571044184782, guid: ae8b3d4875116a642ae4aa7054425da0,
        type: 3}
      propertyPath: m_RootOrder
      value: 1
      objectReference: {fileID: 0}
    - target: {fileID: 1829308571044184782, guid: ae8b3d4875116a642ae4aa7054425da0,
        type: 3}
      propertyPath: m_LocalEulerAnglesHint.x
      value: 0
      objectReference: {fileID: 0}
    - target: {fileID: 1829308571044184782, guid: ae8b3d4875116a642ae4aa7054425da0,
        type: 3}
      propertyPath: m_LocalEulerAnglesHint.y
      value: 0
      objectReference: {fileID: 0}
    - target: {fileID: 1829308571044184782, guid: ae8b3d4875116a642ae4aa7054425da0,
        type: 3}
      propertyPath: m_LocalEulerAnglesHint.z
      value: 0
      objectReference: {fileID: 0}
    m_RemovedComponents: []
  m_SourcePrefab: {fileID: 100100000, guid: ae8b3d4875116a642ae4aa7054425da0, type: 3}
--- !u!4 &1716649918 stripped
Transform:
  m_CorrespondingSourceObject: {fileID: 1829308571044184782, guid: ae8b3d4875116a642ae4aa7054425da0,
    type: 3}
  m_PrefabInstance: {fileID: 1590097995}
  m_PrefabAsset: {fileID: 0}
--- !u!1001 &1742436681
PrefabInstance:
  m_ObjectHideFlags: 0
  serializedVersion: 2
  m_Modification:
    m_TransformParent: {fileID: 2083421340}
    m_Modifications:
    - target: {fileID: 1829308571044184776, guid: 898d723f7ad017848b70615f16b2b2f8,
        type: 3}
      propertyPath: m_Name
      value: Breakable block
      objectReference: {fileID: 0}
    - target: {fileID: 1829308571044184777, guid: 898d723f7ad017848b70615f16b2b2f8,
        type: 3}
      propertyPath: m_Sprite
      value: 
      objectReference: {fileID: 21300000, guid: f19316838b2cea0428c09e924c238154,
        type: 3}
    - target: {fileID: 1829308571044184780, guid: 898d723f7ad017848b70615f16b2b2f8,
        type: 3}
      propertyPath: hitSprites.Array.size
      value: 1
      objectReference: {fileID: 0}
    - target: {fileID: 1829308571044184780, guid: 898d723f7ad017848b70615f16b2b2f8,
        type: 3}
      propertyPath: maxHits
      value: 2
      objectReference: {fileID: 0}
    - target: {fileID: 1829308571044184780, guid: 898d723f7ad017848b70615f16b2b2f8,
        type: 3}
      propertyPath: hitSprites.Array.data[0]
      value: 
      objectReference: {fileID: 21300000, guid: a246d434e2b1edc4dbcb0296983c4a09,
        type: 3}
    - target: {fileID: 1829308571044184780, guid: 898d723f7ad017848b70615f16b2b2f8,
        type: 3}
      propertyPath: hitSprites.Array.data[1]
      value: 
      objectReference: {fileID: 21300000, guid: 67eae9c35b349b948a18aa0fedfaedf1,
        type: 3}
    - target: {fileID: 1829308571044184782, guid: 898d723f7ad017848b70615f16b2b2f8,
        type: 3}
      propertyPath: m_LocalPosition.x
      value: -5.96
      objectReference: {fileID: 0}
    - target: {fileID: 1829308571044184782, guid: 898d723f7ad017848b70615f16b2b2f8,
        type: 3}
      propertyPath: m_LocalPosition.y
      value: -1.85
      objectReference: {fileID: 0}
    - target: {fileID: 1829308571044184782, guid: 898d723f7ad017848b70615f16b2b2f8,
        type: 3}
      propertyPath: m_LocalPosition.z
      value: 8.4658165
      objectReference: {fileID: 0}
    - target: {fileID: 1829308571044184782, guid: 898d723f7ad017848b70615f16b2b2f8,
        type: 3}
      propertyPath: m_LocalRotation.x
      value: -0
      objectReference: {fileID: 0}
    - target: {fileID: 1829308571044184782, guid: 898d723f7ad017848b70615f16b2b2f8,
        type: 3}
      propertyPath: m_LocalRotation.y
      value: -0
      objectReference: {fileID: 0}
    - target: {fileID: 1829308571044184782, guid: 898d723f7ad017848b70615f16b2b2f8,
        type: 3}
      propertyPath: m_LocalRotation.z
      value: -0
      objectReference: {fileID: 0}
    - target: {fileID: 1829308571044184782, guid: 898d723f7ad017848b70615f16b2b2f8,
        type: 3}
      propertyPath: m_LocalRotation.w
      value: 1
      objectReference: {fileID: 0}
    - target: {fileID: 1829308571044184782, guid: 898d723f7ad017848b70615f16b2b2f8,
        type: 3}
      propertyPath: m_RootOrder
      value: 0
      objectReference: {fileID: 0}
    - target: {fileID: 1829308571044184782, guid: 898d723f7ad017848b70615f16b2b2f8,
        type: 3}
      propertyPath: m_LocalEulerAnglesHint.x
      value: 0
      objectReference: {fileID: 0}
    - target: {fileID: 1829308571044184782, guid: 898d723f7ad017848b70615f16b2b2f8,
        type: 3}
      propertyPath: m_LocalEulerAnglesHint.y
      value: 0
      objectReference: {fileID: 0}
    - target: {fileID: 1829308571044184782, guid: 898d723f7ad017848b70615f16b2b2f8,
        type: 3}
      propertyPath: m_LocalEulerAnglesHint.z
      value: 0
      objectReference: {fileID: 0}
    m_RemovedComponents: []
  m_SourcePrefab: {fileID: 100100000, guid: 898d723f7ad017848b70615f16b2b2f8, type: 3}
--- !u!1001 &1800827139
PrefabInstance:
  m_ObjectHideFlags: 0
  serializedVersion: 2
  m_Modification:
    m_TransformParent: {fileID: 2083421340}
    m_Modifications:
    - target: {fileID: 1829308571044184776, guid: 898d723f7ad017848b70615f16b2b2f8,
        type: 3}
      propertyPath: m_Name
      value: Block (2)
      objectReference: {fileID: 0}
    - target: {fileID: 1829308571044184782, guid: 898d723f7ad017848b70615f16b2b2f8,
        type: 3}
      propertyPath: m_LocalPosition.x
      value: -1.7540965
      objectReference: {fileID: 0}
    - target: {fileID: 1829308571044184782, guid: 898d723f7ad017848b70615f16b2b2f8,
        type: 3}
      propertyPath: m_LocalPosition.y
      value: 0.48307037
      objectReference: {fileID: 0}
    - target: {fileID: 1829308571044184782, guid: 898d723f7ad017848b70615f16b2b2f8,
        type: 3}
      propertyPath: m_LocalPosition.z
      value: 8.4658165
      objectReference: {fileID: 0}
    - target: {fileID: 1829308571044184782, guid: 898d723f7ad017848b70615f16b2b2f8,
        type: 3}
      propertyPath: m_LocalRotation.x
      value: -0
      objectReference: {fileID: 0}
    - target: {fileID: 1829308571044184782, guid: 898d723f7ad017848b70615f16b2b2f8,
        type: 3}
      propertyPath: m_LocalRotation.y
      value: -0
      objectReference: {fileID: 0}
    - target: {fileID: 1829308571044184782, guid: 898d723f7ad017848b70615f16b2b2f8,
        type: 3}
      propertyPath: m_LocalRotation.z
      value: -0
      objectReference: {fileID: 0}
    - target: {fileID: 1829308571044184782, guid: 898d723f7ad017848b70615f16b2b2f8,
        type: 3}
      propertyPath: m_LocalRotation.w
      value: 1
      objectReference: {fileID: 0}
    - target: {fileID: 1829308571044184782, guid: 898d723f7ad017848b70615f16b2b2f8,
        type: 3}
      propertyPath: m_RootOrder
      value: 2
      objectReference: {fileID: 0}
    - target: {fileID: 1829308571044184782, guid: 898d723f7ad017848b70615f16b2b2f8,
        type: 3}
      propertyPath: m_LocalEulerAnglesHint.x
      value: 0
      objectReference: {fileID: 0}
    - target: {fileID: 1829308571044184782, guid: 898d723f7ad017848b70615f16b2b2f8,
        type: 3}
      propertyPath: m_LocalEulerAnglesHint.y
      value: 0
      objectReference: {fileID: 0}
    - target: {fileID: 1829308571044184782, guid: 898d723f7ad017848b70615f16b2b2f8,
        type: 3}
      propertyPath: m_LocalEulerAnglesHint.z
      value: 0
      objectReference: {fileID: 0}
    m_RemovedComponents: []
  m_SourcePrefab: {fileID: 100100000, guid: 898d723f7ad017848b70615f16b2b2f8, type: 3}
--- !u!4 &1861887405 stripped
Transform:
  m_CorrespondingSourceObject: {fileID: 1829308571044184782, guid: 898d723f7ad017848b70615f16b2b2f8,
    type: 3}
  m_PrefabInstance: {fileID: 1052229066}
  m_PrefabAsset: {fileID: 0}
--- !u!1001 &1958229598
PrefabInstance:
  m_ObjectHideFlags: 0
  serializedVersion: 2
  m_Modification:
    m_TransformParent: {fileID: 1430183181}
    m_Modifications:
    - target: {fileID: 1829308571044184776, guid: ae8b3d4875116a642ae4aa7054425da0,
        type: 3}
      propertyPath: m_Name
      value: Unbrekable Block (2)
      objectReference: {fileID: 0}
    - target: {fileID: 1829308571044184782, guid: ae8b3d4875116a642ae4aa7054425da0,
        type: 3}
      propertyPath: m_LocalPosition.x
      value: 5.9700003
      objectReference: {fileID: 0}
    - target: {fileID: 1829308571044184782, guid: ae8b3d4875116a642ae4aa7054425da0,
        type: 3}
      propertyPath: m_LocalPosition.y
      value: 3.61
      objectReference: {fileID: 0}
    - target: {fileID: 1829308571044184782, guid: ae8b3d4875116a642ae4aa7054425da0,
        type: 3}
      propertyPath: m_LocalPosition.z
      value: 0
      objectReference: {fileID: 0}
    - target: {fileID: 1829308571044184782, guid: ae8b3d4875116a642ae4aa7054425da0,
        type: 3}
      propertyPath: m_LocalRotation.x
      value: -0
      objectReference: {fileID: 0}
    - target: {fileID: 1829308571044184782, guid: ae8b3d4875116a642ae4aa7054425da0,
        type: 3}
      propertyPath: m_LocalRotation.y
      value: -0
      objectReference: {fileID: 0}
    - target: {fileID: 1829308571044184782, guid: ae8b3d4875116a642ae4aa7054425da0,
        type: 3}
      propertyPath: m_LocalRotation.z
      value: -0
      objectReference: {fileID: 0}
    - target: {fileID: 1829308571044184782, guid: ae8b3d4875116a642ae4aa7054425da0,
        type: 3}
      propertyPath: m_LocalRotation.w
      value: 1
      objectReference: {fileID: 0}
    - target: {fileID: 1829308571044184782, guid: ae8b3d4875116a642ae4aa7054425da0,
        type: 3}
      propertyPath: m_RootOrder
      value: 2
      objectReference: {fileID: 0}
    - target: {fileID: 1829308571044184782, guid: ae8b3d4875116a642ae4aa7054425da0,
        type: 3}
      propertyPath: m_LocalEulerAnglesHint.x
      value: 0
      objectReference: {fileID: 0}
    - target: {fileID: 1829308571044184782, guid: ae8b3d4875116a642ae4aa7054425da0,
        type: 3}
      propertyPath: m_LocalEulerAnglesHint.y
      value: 0
      objectReference: {fileID: 0}
    - target: {fileID: 1829308571044184782, guid: ae8b3d4875116a642ae4aa7054425da0,
        type: 3}
      propertyPath: m_LocalEulerAnglesHint.z
      value: 0
      objectReference: {fileID: 0}
    m_RemovedComponents: []
  m_SourcePrefab: {fileID: 100100000, guid: ae8b3d4875116a642ae4aa7054425da0, type: 3}
--- !u!1 &2083421339
GameObject:
  m_ObjectHideFlags: 0
  m_CorrespondingSourceObject: {fileID: 0}
  m_PrefabInstance: {fileID: 0}
  m_PrefabAsset: {fileID: 0}
  serializedVersion: 6
  m_Component:
  - component: {fileID: 2083421340}
  m_Layer: 0
  m_Name: Breakable Blocks
  m_TagString: Untagged
  m_Icon: {fileID: 0}
  m_NavMeshLayer: 0
  m_StaticEditorFlags: 0
  m_IsActive: 1
--- !u!4 &2083421340
Transform:
  m_ObjectHideFlags: 0
  m_CorrespondingSourceObject: {fileID: 0}
  m_PrefabInstance: {fileID: 0}
  m_PrefabAsset: {fileID: 0}
  m_GameObject: {fileID: 2083421339}
  m_LocalRotation: {x: 0, y: 0, z: 0, w: 1}
  m_LocalPosition: {x: 7.800654, y: 5.448812, z: -8.4658165}
  m_LocalScale: {x: 1, y: 1, z: 1}
  m_Children:
  - {fileID: 131020555}
  - {fileID: 2091812837}
  - {fileID: 1547737371}
  - {fileID: 1161150725}
  - {fileID: 707078443}
  - {fileID: 1283051506}
  - {fileID: 1577818952}
  - {fileID: 1266395221}
  - {fileID: 409065774}
  - {fileID: 1065473681}
  - {fileID: 1144688462}
  - {fileID: 11741300}
  - {fileID: 1256084159}
  - {fileID: 1861887405}
  - {fileID: 992780858}
  - {fileID: 297884683}
  - {fileID: 2603370583177889746}
  m_Father: {fileID: 0}
  m_RootOrder: 5
  m_LocalEulerAnglesHint: {x: 0, y: 0, z: 0}
--- !u!4 &2091812837 stripped
Transform:
  m_CorrespondingSourceObject: {fileID: 1829308571044184782, guid: 898d723f7ad017848b70615f16b2b2f8,
    type: 3}
  m_PrefabInstance: {fileID: 2145443445}
  m_PrefabAsset: {fileID: 0}
--- !u!1001 &2145443445
PrefabInstance:
  m_ObjectHideFlags: 0
  serializedVersion: 2
  m_Modification:
    m_TransformParent: {fileID: 2083421340}
    m_Modifications:
    - target: {fileID: 1829308571044184776, guid: 898d723f7ad017848b70615f16b2b2f8,
        type: 3}
      propertyPath: m_Name
      value: Block (1)
      objectReference: {fileID: 0}
    - target: {fileID: 1829308571044184780, guid: 898d723f7ad017848b70615f16b2b2f8,
        type: 3}
      propertyPath: maxHits
      value: 0
      objectReference: {fileID: 0}
    - target: {fileID: 1829308571044184782, guid: 898d723f7ad017848b70615f16b2b2f8,
        type: 3}
      propertyPath: m_LocalPosition.x
      value: -2.75
      objectReference: {fileID: 0}
    - target: {fileID: 1829308571044184782, guid: 898d723f7ad017848b70615f16b2b2f8,
        type: 3}
      propertyPath: m_LocalPosition.y
      value: 0.48307037
      objectReference: {fileID: 0}
    - target: {fileID: 1829308571044184782, guid: 898d723f7ad017848b70615f16b2b2f8,
        type: 3}
      propertyPath: m_LocalPosition.z
      value: 8.4658165
      objectReference: {fileID: 0}
    - target: {fileID: 1829308571044184782, guid: 898d723f7ad017848b70615f16b2b2f8,
        type: 3}
      propertyPath: m_LocalRotation.x
      value: -0
      objectReference: {fileID: 0}
    - target: {fileID: 1829308571044184782, guid: 898d723f7ad017848b70615f16b2b2f8,
        type: 3}
      propertyPath: m_LocalRotation.y
      value: -0
      objectReference: {fileID: 0}
    - target: {fileID: 1829308571044184782, guid: 898d723f7ad017848b70615f16b2b2f8,
        type: 3}
      propertyPath: m_LocalRotation.z
      value: -0
      objectReference: {fileID: 0}
    - target: {fileID: 1829308571044184782, guid: 898d723f7ad017848b70615f16b2b2f8,
        type: 3}
      propertyPath: m_LocalRotation.w
      value: 1
      objectReference: {fileID: 0}
    - target: {fileID: 1829308571044184782, guid: 898d723f7ad017848b70615f16b2b2f8,
        type: 3}
      propertyPath: m_RootOrder
      value: 1
      objectReference: {fileID: 0}
    - target: {fileID: 1829308571044184782, guid: 898d723f7ad017848b70615f16b2b2f8,
        type: 3}
      propertyPath: m_LocalEulerAnglesHint.x
      value: 0
      objectReference: {fileID: 0}
    - target: {fileID: 1829308571044184782, guid: 898d723f7ad017848b70615f16b2b2f8,
        type: 3}
      propertyPath: m_LocalEulerAnglesHint.y
      value: 0
      objectReference: {fileID: 0}
    - target: {fileID: 1829308571044184782, guid: 898d723f7ad017848b70615f16b2b2f8,
        type: 3}
      propertyPath: m_LocalEulerAnglesHint.z
      value: 0
      objectReference: {fileID: 0}
    m_RemovedComponents: []
  m_SourcePrefab: {fileID: 100100000, guid: 898d723f7ad017848b70615f16b2b2f8, type: 3}
--- !u!4 &2603370583177889746 stripped
Transform:
  m_CorrespondingSourceObject: {fileID: 6497255497536277610, guid: aaa42433cca0fd24781fd1a4d13b8f66,
    type: 3}
  m_PrefabInstance: {fileID: 9082604535077112760}
  m_PrefabAsset: {fileID: 0}
--- !u!1001 &7274976592443929277
PrefabInstance:
  m_ObjectHideFlags: 0
  serializedVersion: 2
  m_Modification:
    m_TransformParent: {fileID: 0}
    m_Modifications:
    - target: {fileID: 1454123050227829652, guid: 01498c57a3713ad429d9dcbd0eaee048,
        type: 3}
      propertyPath: m_LocalPosition.x
      value: 0
      objectReference: {fileID: 0}
    - target: {fileID: 1454123050227829652, guid: 01498c57a3713ad429d9dcbd0eaee048,
        type: 3}
      propertyPath: m_LocalPosition.y
      value: 0
      objectReference: {fileID: 0}
    - target: {fileID: 1454123050227829652, guid: 01498c57a3713ad429d9dcbd0eaee048,
        type: 3}
      propertyPath: m_LocalPosition.z
      value: 0
      objectReference: {fileID: 0}
    - target: {fileID: 1454123050227829652, guid: 01498c57a3713ad429d9dcbd0eaee048,
        type: 3}
      propertyPath: m_LocalRotation.x
      value: 0
      objectReference: {fileID: 0}
    - target: {fileID: 1454123050227829652, guid: 01498c57a3713ad429d9dcbd0eaee048,
        type: 3}
      propertyPath: m_LocalRotation.y
      value: 0
      objectReference: {fileID: 0}
    - target: {fileID: 1454123050227829652, guid: 01498c57a3713ad429d9dcbd0eaee048,
        type: 3}
      propertyPath: m_LocalRotation.z
      value: 0
      objectReference: {fileID: 0}
    - target: {fileID: 1454123050227829652, guid: 01498c57a3713ad429d9dcbd0eaee048,
        type: 3}
      propertyPath: m_LocalRotation.w
      value: 1
      objectReference: {fileID: 0}
    - target: {fileID: 1454123050227829652, guid: 01498c57a3713ad429d9dcbd0eaee048,
        type: 3}
      propertyPath: m_RootOrder
      value: 7
      objectReference: {fileID: 0}
    - target: {fileID: 1454123050227829652, guid: 01498c57a3713ad429d9dcbd0eaee048,
        type: 3}
      propertyPath: m_LocalEulerAnglesHint.x
      value: 0
      objectReference: {fileID: 0}
    - target: {fileID: 1454123050227829652, guid: 01498c57a3713ad429d9dcbd0eaee048,
        type: 3}
      propertyPath: m_LocalEulerAnglesHint.y
      value: 0
      objectReference: {fileID: 0}
    - target: {fileID: 1454123050227829652, guid: 01498c57a3713ad429d9dcbd0eaee048,
        type: 3}
      propertyPath: m_LocalEulerAnglesHint.z
      value: 0
      objectReference: {fileID: 0}
    - target: {fileID: 3662772116687803072, guid: 01498c57a3713ad429d9dcbd0eaee048,
        type: 3}
      propertyPath: gameScore
      value: 
      objectReference: {fileID: 0}
    - target: {fileID: 6003334181728759323, guid: 01498c57a3713ad429d9dcbd0eaee048,
        type: 3}
      propertyPath: m_Name
      value: Level
      objectReference: {fileID: 0}
    m_RemovedComponents: []
  m_SourcePrefab: {fileID: 100100000, guid: 01498c57a3713ad429d9dcbd0eaee048, type: 3}
--- !u!1001 &7356119946417219670
PrefabInstance:
  m_ObjectHideFlags: 0
  serializedVersion: 2
  m_Modification:
    m_TransformParent: {fileID: 1430183181}
    m_Modifications:
    - target: {fileID: 1829308571044184776, guid: ae8b3d4875116a642ae4aa7054425da0,
        type: 3}
      propertyPath: m_Name
      value: Unbrekable Block
      objectReference: {fileID: 0}
    - target: {fileID: 1829308571044184782, guid: ae8b3d4875116a642ae4aa7054425da0,
        type: 3}
      propertyPath: m_LocalPosition.x
      value: 3.99
      objectReference: {fileID: 0}
    - target: {fileID: 1829308571044184782, guid: ae8b3d4875116a642ae4aa7054425da0,
        type: 3}
      propertyPath: m_LocalPosition.y
      value: 3.61
      objectReference: {fileID: 0}
    - target: {fileID: 1829308571044184782, guid: ae8b3d4875116a642ae4aa7054425da0,
        type: 3}
      propertyPath: m_LocalPosition.z
      value: 0
      objectReference: {fileID: 0}
    - target: {fileID: 1829308571044184782, guid: ae8b3d4875116a642ae4aa7054425da0,
        type: 3}
      propertyPath: m_LocalRotation.x
      value: -0
      objectReference: {fileID: 0}
    - target: {fileID: 1829308571044184782, guid: ae8b3d4875116a642ae4aa7054425da0,
        type: 3}
      propertyPath: m_LocalRotation.y
      value: -0
      objectReference: {fileID: 0}
    - target: {fileID: 1829308571044184782, guid: ae8b3d4875116a642ae4aa7054425da0,
        type: 3}
      propertyPath: m_LocalRotation.z
      value: -0
      objectReference: {fileID: 0}
    - target: {fileID: 1829308571044184782, guid: ae8b3d4875116a642ae4aa7054425da0,
        type: 3}
      propertyPath: m_LocalRotation.w
      value: 1
      objectReference: {fileID: 0}
    - target: {fileID: 1829308571044184782, guid: ae8b3d4875116a642ae4aa7054425da0,
        type: 3}
      propertyPath: m_RootOrder
      value: 0
      objectReference: {fileID: 0}
    - target: {fileID: 1829308571044184782, guid: ae8b3d4875116a642ae4aa7054425da0,
        type: 3}
      propertyPath: m_LocalEulerAnglesHint.x
      value: 0
      objectReference: {fileID: 0}
    - target: {fileID: 1829308571044184782, guid: ae8b3d4875116a642ae4aa7054425da0,
        type: 3}
      propertyPath: m_LocalEulerAnglesHint.y
      value: 0
      objectReference: {fileID: 0}
    - target: {fileID: 1829308571044184782, guid: ae8b3d4875116a642ae4aa7054425da0,
        type: 3}
      propertyPath: m_LocalEulerAnglesHint.z
      value: 0
      objectReference: {fileID: 0}
    m_RemovedComponents: []
  m_SourcePrefab: {fileID: 100100000, guid: ae8b3d4875116a642ae4aa7054425da0, type: 3}
--- !u!1001 &9082604535077112760
PrefabInstance:
  m_ObjectHideFlags: 0
  serializedVersion: 2
  m_Modification:
    m_TransformParent: {fileID: 2083421340}
    m_Modifications:
    - target: {fileID: 6497255497536277610, guid: aaa42433cca0fd24781fd1a4d13b8f66,
        type: 3}
      propertyPath: m_LocalPosition.x
      value: 5.72
      objectReference: {fileID: 0}
    - target: {fileID: 6497255497536277610, guid: aaa42433cca0fd24781fd1a4d13b8f66,
        type: 3}
      propertyPath: m_LocalPosition.y
      value: -1.8
      objectReference: {fileID: 0}
    - target: {fileID: 6497255497536277610, guid: aaa42433cca0fd24781fd1a4d13b8f66,
        type: 3}
      propertyPath: m_LocalPosition.z
      value: 8.4658165
      objectReference: {fileID: 0}
    - target: {fileID: 6497255497536277610, guid: aaa42433cca0fd24781fd1a4d13b8f66,
        type: 3}
      propertyPath: m_LocalRotation.x
      value: -0
      objectReference: {fileID: 0}
    - target: {fileID: 6497255497536277610, guid: aaa42433cca0fd24781fd1a4d13b8f66,
        type: 3}
      propertyPath: m_LocalRotation.y
      value: -0
      objectReference: {fileID: 0}
    - target: {fileID: 6497255497536277610, guid: aaa42433cca0fd24781fd1a4d13b8f66,
        type: 3}
      propertyPath: m_LocalRotation.z
      value: -0
      objectReference: {fileID: 0}
    - target: {fileID: 6497255497536277610, guid: aaa42433cca0fd24781fd1a4d13b8f66,
        type: 3}
      propertyPath: m_LocalRotation.w
      value: 1
      objectReference: {fileID: 0}
    - target: {fileID: 6497255497536277610, guid: aaa42433cca0fd24781fd1a4d13b8f66,
        type: 3}
      propertyPath: m_RootOrder
      value: 16
      objectReference: {fileID: 0}
    - target: {fileID: 6497255497536277610, guid: aaa42433cca0fd24781fd1a4d13b8f66,
        type: 3}
      propertyPath: m_LocalEulerAnglesHint.x
      value: 0
      objectReference: {fileID: 0}
    - target: {fileID: 6497255497536277610, guid: aaa42433cca0fd24781fd1a4d13b8f66,
        type: 3}
      propertyPath: m_LocalEulerAnglesHint.y
      value: 0
      objectReference: {fileID: 0}
    - target: {fileID: 6497255497536277610, guid: aaa42433cca0fd24781fd1a4d13b8f66,
        type: 3}
      propertyPath: m_LocalEulerAnglesHint.z
      value: 0
      objectReference: {fileID: 0}
    - target: {fileID: 6497255497536277612, guid: aaa42433cca0fd24781fd1a4d13b8f66,
        type: 3}
      propertyPath: m_Name
      value: 3-hit block
      objectReference: {fileID: 0}
    m_RemovedComponents: []
  m_SourcePrefab: {fileID: 100100000, guid: aaa42433cca0fd24781fd1a4d13b8f66, type: 3}
